@article{a48268534,
	journal = {Известия Волгоградского государственного технического университета},
	number = {4},
	title = {ИССЛЕДОВАНИЕ ХАРАКТЕРИСТИК ДАТЧИКА СИЛЫ НА ОСНОВЕ МАТЕРИАЛА "VELOSTAT" ДЛЯ МОБИЛЬНОГО ШАГАЮЩЕГО РОБОТА},
	url = {https://elibrary.ru/item.asp?id=48268534},
	author = {Буличев, О. В. and Полёткин, К. В. and Малолетов, А. В.},
	pages = {6--12},
	date = {2022},
	year = {2022},
  authorvak = {true},
}

@book{a47478445,
	title = {РАЗРАБОТКА ЭКСПЕРИМЕНТАЛЬНОГО СТЕНДА ДЛЯ АВТОМАТИЗАЦИИ ПРОВЕРКИ ДАТЧИКОВ ОЧУВСТВЛЕНИЯ},
	url = {https://elibrary.ru/item.asp?id=47478445},
	author = {Буличев, О. В.},
}
@article{a47571510,
	journal = {Актуальные научные исследования в современном мире},
	number = {11},
	title = {ПОСТРОЕНИЕ 3Д КАРТЫ МЕСТНОСТИ С ПОМОЩЬЮ МНОГОНОГОГО БИОМИМЕТИЧЕСКОГО ШАГАЮЩЕГО РОБОТА С ИСПОЛЬЗОВАНИЕМ ФРЕЙМВОРКА ROS},
	url = {https://elibrary.ru/item.asp?id=47571510},
	author = {Буличев, О. В.},
	pages = {374--377},
	date = {2021},
	year = {2021},
}


@book{a44730151,
	title = {СТАБИЛИЗАЦИЯ ВИДЕО НА ОСНОВЕ IMU-ДАТЧИКА И 3D ОБЛАКА ТОЧЕК ДЛЯ МНОГОНОГОГО РОБОТА ТИПА МНОГОНОЖКИ},
	url = {https://elibrary.ru/item.asp?id=44730151},
	author = {Буличев, О. В.},
}
@book{a47144307,
	title = {МОДЕЛИРОВАНИЕ ДВИЖЕНИЯ РОБОТИЗИРОВАННОЙ ПЛАТФОРМЫ В УСЛОВИЯХ ТРУДНОЙ ПРОХОДИМОСТИ С ОПРЕДЕЛЕНИЕМ РЕЛЬЕФА ОПОРНОЙ ПОВЕРХНОСТИ},
	url = {https://elibrary.ru/item.asp?id=47144307},
	author = {Буличев, О. В. and Малолетов, А. В.},
}
@article{a42488020,
	journal = {В сборнике: XXXI Международная инновационная конференция молодых ученых и студентов по проблемам машиноведения (МИКМУС - 2019). Сборник трудов конференции},
	title = {ПРЯМОЛИНЕЙНОЕ ДВИЖЕНИЕ ВСЕНАПРАВЛЕННОГО МНОГОНОГОГО ШАГАЮЩЕГО РОБОТА СТРИРУС},
	url = {https://elibrary.ru/item.asp?id=42488020},
	author = {Буличев, О. В. and Ахметшин, А. А.},
	pages = {449--452},
	date = {2020},
	year = {2020},
}


@article{a41451571,
	journal = {В сборнике: Перспективное развитие науки, техники и технологий. Сборник научных статей 9-ой Международной научно-практической конференции. Ответственный редактор А.А. Горохов},
	title = {ОБУЧЕНИЕ ПРЯМОЛИНЕЙНОМУ ДВИЖЕНИЮ МНОГОНОГОГО РОБОТА НА ОСНОВЕ ЭВОЛЮЦИОННОГО АЛГОРИТМА},
	url = {https://elibrary.ru/item.asp?id=41451571},
	author = {Буличев, О. В.},
	pages = {35--39},
	date = {2019},
	year = {2019},
}
@book{a42953245,
	title = {НАХОЖДЕНИЕ РЕАКЦИЙ ОПОР НОГ РОБОТИЗИРОВАННОЙ ПЛАТФОРМЫ С ПОВОРОТНЫМИ ЦИКЛОВЫМИ ДВИЖИТЕЛЯМИ И СОСТАВНЫМ КОРПУСОМ},
	url = {https://elibrary.ru/item.asp?id=42953245},
	author = {Буличев, О. В.},
}
@article{a36488151,
	journal = {В книге: Прогресс транспортных средств и систем - 2018. Материалы международной научно-практической конференции. Под редакцией И.А. Каляева, Ф.Л. Черноусько, В.М. Приходько},
	title = {СТРИРУС: ВЫСОКОМОБИЛЬНЫЙ РОБОТ, ВДОХНОВЛЕННЫЙ НАСЕКОМЫМ МУХОЛОВКОЙ},
	url = {https://elibrary.ru/item.asp?id=36488151},
	author = {Буличев, О. В. and Климчик, А. С.},
	pages = {136--138},
	date = {2018},
	year = {2018},
}
@article{a35768784,
	journal = {В сборнике: 2017 IEEE International Conference on Robotics and Biomimetics, ROBIO 2017},
	title = {OPTIMIZATION OF CENTIPEDE ROBOT BODY DESIGNS THROUGH EVOLUTIONARY ALGORITHMS AND MULTIPLE ROUGH TERRAINS SIMULATION},
	url = {https://elibrary.ru/item.asp?id=35768784},
	author = {Bulichev, O. and Klimchik, A. and Mavridis, N.},
	pages = {290--295},
	date = {2018},
	year = {2018},
  authorscopus = {true},
}
@article{a36541796,
	journal = {Conference of Open Innovations Association, FRUCT},
	number = {23},
	title = {CONCEPT DEVELOPMENT OF BIOMIMETIC CENTIPEDE ROBOT STRIRUS},
	url = {https://elibrary.ru/item.asp?id=36541796},
	author = {Bulichev, O. and Klimchik, A.},
	pages = {85--90},
	date = {2018},
	year = {2018},
  authorscopus = {true},
}
@article{a31047734,
	journal = {В сборнике: ICINCO 2017 - Proceedings of the 14th International Conference on Informatics in Control, Automation and Robotics. 14},
	title = {ANALYSIS OF ROS-BASED VISUAL AND LIDAR ODOMETRY FOR A TELEOPERATED CRAWLER-TYPE ROBOT IN INDOOR ENVIRONMENT},
	url = {https://elibrary.ru/item.asp?id=31047734},
	author = {Sokolov, M. and Bulichev, O. and Afanasyev, I.},
	pages = {316--321},
	date = {2017},
	year = {2017},
  authorscopus = {true},
}
@article{a27442152,
	journal = {Молодежный научно-технический вестник},
	number = {10},
	title = {ИСПОЛЬЗОВАНИЕ ROBOT OPERATING SYSTEM (ROS) ДЛЯ ПЛАНИРОВАНИЯ АВТОНОМНОГО ПЕРЕМЕЩЕНИЯ МОБИЛЬНОГО РОБОТОТЕХНИЧЕСКОГО КОМПЛЕКСА},
	url = {https://elibrary.ru/item.asp?id=27442152},
	author = {Буличев, О. В.},
	pages = {7},
	date = {2016},
	year = {2016},
}

