@article{Semini2016,
    title = {{A Brief Overview of a Novel, Highly-Integrated Hydraulic Servo Actuator with Additive-Manufactured Titanium Body}},
    year = {2016},
    journal = {IROS Workshop 2016},
    author = {Semini, Claudio and Baker, Mike and Laxman, Kulkarni and Chandan, Venugopal and Maruthiram, T and Morgan, Robert and Frigerio, Marco and Barasuol, Victor and Caldwell, Darwin G and Rey, Gonzalo}
}

@inproceedings{Baker2004,
    title = {{A campaign in autonomous mine mapping}},
    year = {2004},
    booktitle = {Proceedings - IEEE International Conference on Robotics and Automation},
    author = {Baker, C. and Morris, A. and Ferguson, D. and Thayer, S. and Whittaker, C. and Omohundro, Z. and Reverte, C. and Whittaker, W. and H{\"{a}}hnel, D. and Thrun, S.},
    doi = {10.1109/robot.2004.1308118},
    issn = {10504729}
}

@article{Christie2019,
    title = {{A highly stiffness-adjustable robot leg for enhancing locomotive performance}},
    year = {2019},
    journal = {Mechanical Systems and Signal Processing},
    author = {Christie, M. D. and Sun, S. and Ning, D. H. and Du, H. and Zhang, S. W. and Li, W. H.},
    pages = {458--468},
    volume = {126},
    doi = {10.1016/j.ymssp.2019.02.043},
    issn = {10961216},
    keywords = {Locomotion, Magnetorheological fluid, Robot Leg, Variable Stiffness}
}

@article{Tlale2012,
    title = {{A MODULAR DESIGN OF A WALL-CLIMBING ROBOT AND ITS MECHATRONICS CONTROLLER}},
    year = {2012},
    journal = {The South African Journal of Industrial Engineering},
    author = {Tlale, N.S.},
    doi = {10.7166/17-2-152},
    issn = {1012-277X}
}

@inproceedings{Huang1992,
    title = {{A multi-frame pel-recursive algorithm for varying frame-to-frame displacement estimation}},
    year = {1992},
    booktitle = {ICASSP, IEEE International Conference on Acoustics, Speech and Signal Processing - Proceedings},
    author = {Huang, J. and Liu, S. and Hayes, M. H. and Mersereau, R. M.},
    pages = {241--244},
    volume = {3},
    publisher = {IEEE},
    url = {https://ieeexplore.ieee.org/document/226206},
    address = {San Francisco},
    isbn = {0780305329},
    doi = {10.1109/ICASSP.1992.226206},
    issn = {15206149}
}

@inproceedings{Mascarich2018a,
    title = {{A multi-modal mapping unit for autonomous exploration and mapping of underground tunnels}},
    year = {2018},
    booktitle = {IEEE Aerospace Conference Proceedings},
    author = {Mascarich, Frank and Khattak, Shehryar and Papachristos, Christos and Alexis, Kostas},
    isbn = {9781538620144},
    doi = {10.1109/AERO.2018.8396595},
    issn = {1095323X}
}

@article{Nishikawa2014,
    title = {{A musculoskeletal bipedal robot designed with angle-dependent moment arm for dynamic motion from multiple states}},
    year = {2014},
    journal = {Advanced Robotics},
    author = {Nishikawa, Satoshi and Tanaka, Kazutoshi and Shida, Kazuya and Fukushima, Toshihiko and Niiyama, Ryuma and Kuniyoshi, Yasuo},
    number = {7},
    month = {4},
    pages = {487--496},
    volume = {28},
    url = {http://www.tandfonline.com/doi/abs/10.1080/01691864.2013.876936},
    isbn = {0169-1864},
    doi = {10.1080/01691864.2013.876936},
    issn = {0169-1864},
    keywords = {dynamic motion, moment arm, musculoskeletal system, pneumatic artificial muscle, torqueangle relation}
}

@article{Zhu2000,
    title = {{A new diamond search algorithm for fast block-matching motion estimation}},
    year = {2000},
    journal = {IEEE Transactions on Image Processing},
    author = {Zhu, Shan and Ma, Kai Kuang},
    number = {2},
    pages = {287--290},
    volume = {9},
    url = {http://ieeexplore.ieee.org/document/821744/ http://www.ncbi.nlm.nih.gov/pubmed/18255398},
    isbn = {0-7803-3676-3},
    doi = {10.1109/83.821744},
    issn = {10577149},
    pmid = {18255398},
    keywords = {Block-matching algorithm, Diamond search, H.261, H.263, MPEG, Motion estimation, Video coding, Video compression}
}

@article{Bridgwater2016,
    title = {{A Novel Design for a Robot Grappling Hook for use in a Nuclear Cave Environment}},
    year = {2016},
    journal = {IFAC-PapersOnLine},
    author = {Bridgwater, Tom and Griffiths, Gareth and Winfield, Alan and Pipe, Tony},
    doi = {10.1016/j.ifacol.2016.10.569},
    issn = {24058963},
    keywords = {Grappling hook, decommissioning, grapple, locomotion, nuclear, obstacle}
}

@article{LiuX.DaiQ.AustinL.CouttsJ.KnowlesG.ZouJ.ChenH.Huo2008,
    title = {{A One-Step Homogeneous Immunoassay for Cancer Biomarker Detection Using Gold Nanoparticle Probes Coupled with Dynamic Light Scattering}},
    year = {2008},
    journal = {Journal of the American Chemical Society},
    author = {Liu, Xiong and Dai, Qiu and Austin, Lauren and Coutts, Janelle and Knowles, Genevieve and Zou, Jianhua and Chen, Hui and Huo, Qun},
    number = {9},
    month = {3},
    pages = {2780--2782},
    volume = {130},
    url = {http://pubs.acs.org/doi/abs/10.1021/ja711298b},
    doi = {10.1021/ja711298b},
    issn = {0002-7863}
}

@article{Chang2006,
    title = {{A robust real-time video stabilization algorithm}},
    year = {2006},
    journal = {Journal of Visual Communication and Image Representation},
    author = {Chang, Hung Chang and Lai, Shang Hong and Lu, Kuang Rong},
    number = {3},
    pages = {659--673},
    volume = {17},
    isbn = {1047-3203},
    doi = {10.1016/j.jvcir.2005.10.004},
    issn = {10473203},
    keywords = {Camera motion estimation, Motion smoothing, Optical flow computation, Robust estimation, Video stabilization}
}

@misc{Sancho-Pradel2010,
    title = {{A survey on terrain assessment techniques for autonomous operation of planetary robots}},
    year = {2010},
    booktitle = {JBIS - Journal of the British Interplanetary Society},
    author = {Sancho-Pradel, Dario L. and Gao, Yang},
    issn = {0007084X},
    keywords = {Autonomous navigation, Autonomous terrain assessment, Planetary robotic exploration, Planetary rovers, Unmanned vehicles}
}

@techreport{Boxerbaum2010,
    title = {{A Whegs Robot Featuring a Passively Compliant, Actively Controlled Body Joint}},
    year = {2010},
    author = {Boxerbaum, Alexander and Quinn, Roger}
}

@article{Allen2003,
    title = {{Abstracted biological principles applied with reduced actuation improve mobility of legged vehicles}},
    year = {2003},
    journal = {Proceedings 2003 IEEE/RSJ International Conference on Intelligent Robots and Systems},
    author = {Allen, T.J. and Quinn, R.D. and Bachmann, R.J. and Ritzmann, R.E.},
    number = {October},
    pages = {1370--1375},
    volume = {2},
    publisher = {IEEE},
    url = {http://ieeexplore.ieee.org/document/1248835/ http://ieeexplore.ieee.org/lpdocs/epic03/wrapper.htm?arnumber=1248835},
    isbn = {0-7803-7860-1},
    doi = {10.1109/IROS.2003.1248835},
    keywords = {Biological systems, Circuits, Leg, Legged locomotion, Maintenance engineering, Mobile robots, Muscles, Propulsion, Robot sensing systems, Vehicles, Whegs II, abstracted biological locomotion principles, abstracted cockroach locomotion principles, bidirectional servo-driven body flexion joint, gait analysis, legged locomotion, legged vehicles, mass ratio, propulsion motor, tripod gait, vehicle mobility}
}

@inproceedings{Semini2015,
    title = {{Additive manufacturing for agile legged robots with hydraulic actuation}},
    year = {2015},
    booktitle = {Proceedings of the 17th International Conference on Advanced Robotics, ICAR 2015},
    author = {Semini, Claudio and Goldsmith, Jake and Manfredi, Diego and Calignano, Flaviana and Ambrosio, Elisa Paola and Pakkanen, Jukka and Caldwell, Darwin G.},
    isbn = {9781467375092},
    doi = {10.1109/ICAR.2015.7251444}
}

@article{Aoi2016,
    title = {{Advantage of straight walk instability in turning maneuver of multilegged locomotion: a robotics approach}},
    year = {2016},
    journal = {Scientific Reports},
    author = {Aoi, Shinya and Tanaka, Takahiro and Fujiki, Soichiro and Funato, Tetsuro and Senda, Kei and Tsuchiya, Kazuo},
    number = {1},
    month = {9},
    pages = {30199},
    volume = {6},
    url = {http://www.nature.com/articles/srep30199},
    isbn = {2045-2322},
    doi = {10.1038/srep30199},
    issn = {2045-2322},
    pmid = {27444746}
}

@inproceedings{Maity2013,
    title = {{Amphibian subterranean robot for mine exploration}},
    year = {2013},
    booktitle = {Proceedings of 2013 International Conference on Robotics, Biomimetics, Intelligent Computational Systems, ROBIONETICS 2013},
    author = {Maity, Atanu and Majumder, Somajyoti and Ray, Dip Narayan},
    isbn = {9781479912087},
    doi = {10.1109/ROBIONETICS.2013.6743612},
    keywords = {amphibian robot, mine explore, subterranean robot, underwater vehicle}
}

@article{Vaquero2018,
    title = {{An Approach for Autonomous Multi-rover Collaboration for Mars Cave Exploration : Preliminary Results}},
    year = {2018},
    journal = {International Symposium on Artificial Intellegence and Robotics {\&} Automation in Space},
    author = {Vaquero, Tiago and Troesch, Martina and Chien, Steve}
}

@inproceedings{Sun2016,
    title = {{An online gait planner of hexapod robot to safely pass through crowded environment based on tactile sense and virtual dynamic model}},
    year = {2016},
    booktitle = {Proceedings - 2016 9th International Conference on Human System Interactions, HSI 2016},
    author = {Sun, Qiao and Gao, Feng},
    isbn = {9781509017294},
    doi = {10.1109/HSI.2016.7529628}
}

@inproceedings{Sokolov2017,
    title = {{Analysis of ROS-based Visual and Lidar Odometry for a Teleoperated Crawler-type Robot in Indoor Environment}},
    year = {2017},
    booktitle = {Proceedings of the 14th International Conference on Informatics in Control, Automation and Robotics},
    author = {Sokolov, Maxim and Bulichev, Oleg and Afanasyev, Ilya},
    pages = {316--321},
    publisher = {SCITEPRESS - Science and Technology Publications},
    url = {http://www.scitepress.org/DigitalLibrary/Link.aspx?doi=10.5220/0006420603160321},
    isbn = {978-989-758-263-9},
    doi = {10.5220/0006420603160321},
    keywords = {Crawler Robot, LSD-SLAM, Lidar Odometry, Monocular SLAM, ORB-SLAM, ROS, Visual Odometry}
}

@inproceedings{Haldane2013,
    title = {{Animal-inspired design and aerodynamic stabilization of a hexapedal millirobot}},
    year = {2013},
    booktitle = {2013 IEEE International Conference on Robotics and Automation},
    author = {Haldane, Duncan W. and Peterson, Kevin C. and Garcia Bermudez, Fernando L. and Fearing, Ronald S.},
    month = {5},
    pages = {3279--3286},
    publisher = {IEEE},
    url = {http://ieeexplore.ieee.org/document/6631034/},
    isbn = {978-1-4673-5643-5},
    doi = {10.1109/ICRA.2013.6631034},
    issn = {10504729}
}

@inproceedings{Haldane2013a,
    title = {{Animal-inspired design and aerodynamic stabilization of a hexapedal millirobot}},
    year = {2013},
    booktitle = {2013 IEEE International Conference on Robotics and Automation},
    author = {Haldane, Duncan W. and Peterson, Kevin C. and Garcia Bermudez, Fernando L. and Fearing, Ronald S.},
    month = {5},
    pages = {3279--3286},
    publisher = {IEEE},
    url = {http://ieeexplore.ieee.org/document/6631034/},
    isbn = {978-1-4673-5643-5},
    doi = {10.1109/ICRA.2013.6631034},
    issn = {10504729}
}

@inproceedings{Grundmann,
    title = {{Auto-directed video stabilization with robust L1 optimal camera paths}},
    year = {2011},
    booktitle = {CVPR 2011},
    author = {Grundmann, Matthias and Kwatra, Vivek and Essa, Irfan},
    number = {1},
    month = {6},
    pages = {225--232},
    publisher = {IEEE},
    url = {http://ieeexplore.ieee.org/document/5995525/},
    isbn = {978-1-4577-0394-2},
    doi = {10.1109/CVPR.2011.5995525}
}

@inproceedings{Grundmannb,
    title = {{Auto-directed video stabilization with robust L1 optimal camera paths}},
    year = {2011},
    booktitle = {CVPR 2011},
    author = {Grundmann, Matthias and Kwatra, Vivek and Essa, Irfan},
    number = {1},
    month = {6},
    pages = {225--232},
    publisher = {IEEE},
    url = {http://ieeexplore.ieee.org/document/5995525/},
    isbn = {978-1-4577-0394-2},
    doi = {10.1109/CVPR.2011.5995525}
}

@article{Ha2018,
    title = {{Automated Deep Reinforcement Learning Environment for Hardware of a Modular Legged Robot}},
    year = {2018},
    journal = {2018 15th International Conference on Ubiquitous Robots, UR 2018},
    author = {Ha, Sehoon and Kim, Joohyung and Yamane, Katsu},
    pages = {348--354},
    publisher = {IEEE},
    isbn = {9781538663349},
    doi = {10.1109/URAI.2018.8442201}
}

@inproceedings{Papachristos2019,
    title = {{Autonomous aerial robotic exploration of subterranean environments relying on morphology-aware path planning}},
    year = {2019},
    booktitle = {2019 International Conference on Unmanned Aircraft Systems, ICUAS 2019},
    author = {Papachristos, Christos and Khattak, Shehryar and Mascarich, Frank and Dang, Tung and Alexis, Kostas},
    isbn = {9781728103327},
    doi = {10.1109/ICUAS.2019.8797885}
}

@book{Siegwart,
    title = {{Autonomous mobile robots}},
    author = {Siegwart, Roland and Nourbakhsh, Illah R and Scaramuzza, Davide},
    pages = {1--472}
}

@article{Papachristos2019a,
    title = {{Autonomous Navigation and Mapping in Underground Mines Using Aerial Robots}},
    year = {2019},
    journal = {IEEE Aerospace Conference Proceedings},
    author = {Papachristos, Christos and Khattak, Shehryar and Mascarich, Frank and Alexis, Kostas},
    pages = {1--8},
    volume = {2019-March},
    publisher = {IEEE},
    isbn = {9781538668542},
    doi = {10.1109/AERO.2019.8741532},
    issn = {1095323X}
}

@article{Lepora2016,
    title = {{Biomimetic Active Touch with Fingertips and Whiskers}},
    year = {2016},
    journal = {IEEE Transactions on Haptics},
    author = {Lepora, Nathan F.},
    number = {2},
    month = {4},
    pages = {170--183},
    volume = {9},
    publisher = {IEEE},
    url = {https://ieeexplore.ieee.org/document/7466131/},
    doi = {10.1109/TOH.2016.2558180},
    issn = {1939-1412},
    pmid = {27168603},
    keywords = {Robotics, active, biomimetic, perception, tactile devices, touch}
}

@article{Kim2007,
    title = {{Biomimetic whiskers for shape recognition}},
    year = {2007},
    journal = {Robotics and Autonomous Systems},
    author = {Kim, DaeEun and M{\"{o}}ller, Ralf},
    number = {3},
    month = {3},
    pages = {229--243},
    volume = {55},
    url = {https://linkinghub.elsevier.com/retrieve/pii/S0921889006001400},
    doi = {10.1016/j.robot.2006.08.001},
    issn = {09218890},
    keywords = {Active perception, Biomimetic whisker, Biorobotics, Shape recognition, Tactile sensors}
}

@article{Morris2006a,
    title = {{Case studies of a borehole deployable robot for limestone mine profiling and mapping}},
    year = {2006},
    journal = {Springer Tracts in Advanced Robotics},
    author = {Morris, Aaron and Kurth, Derek and Huber, Daniel and Whittaker, Warren and Thayer, Scott},
    isbn = {3540328017},
    doi = {10.1007/10991459{\_}19},
    issn = {16107438}
}

@article{Boccanfuso2011,
    title = {{CHARLIE: An adaptive robot design with hand and face tracking for use in autism therapy}},
    year = {2011},
    journal = {International Journal of Social Robotics},
    author = {Boccanfuso, Laura and O'Kane, Jason M.},
    doi = {10.1007/s12369-011-0110-2},
    issn = {18754791},
    keywords = {Adaptive robotics, Hand detection, Hand tracking, Human-robot interaction}
}

@article{Schmidt2013,
    title = {{Climbing robots for maintenance and inspections of vertical structures - A survey of design aspects and technologies}},
    year = {2013},
    journal = {Robotics and Autonomous Systems},
    author = {Schmidt, Daniel and Berns, Karsten},
    doi = {10.1016/j.robot.2013.09.002},
    issn = {09218890},
    keywords = {Adhesion principles, Climbing robot, Design aspects, Inspection, Locomotion, Maintenance}
}

@article{Machowinski2017,
    title = {{Climbing Steep Inclines with a Six-Legged Robot using Locomotion Planning}},
    year = {2017},
    journal = {International Conference on Robotics and Automation. International Conference on Robotics and Automation, May 29, Singapore, Singapore},
    author = {Machowinski, Janosch and B{\"{o}}ckmann, Arne and Arnold, Sascha and Hertzberg, Christoph and Planthaber, Steffen},
    pages = {28359},
    url = {http://www.dfki.de/web/forschung/publikationen/renameFileForDownload?filename=20170223_Climbing_Steep_Inclines_with_a_Six-Legged_Robot_using_Locomotion_Planning.pdf&file_id=uploads_3065}
}

@article{Piva2003,
    title = {{Color-based video stabilization for real-time on-board object detection on high-speed trains}},
    year = {2003},
    journal = {Proceedings - IEEE Conference on Advanced Video and Signal Based Surveillance, AVSS 2003},
    author = {Piva, S. and Zara, M. and Gera, G. and Regazzoni, C. S.},
    pages = {299--304},
    isbn = {0769519717},
    doi = {10.1109/AVSS.2003.1217935},
    keywords = {Cameras, Color, Image sequences, Layout, Motion compensation, Motion estimation, Object detection, Rail transportation, Real time systems, Testing}
}

@inproceedings{Lee2012,
    title = {{Combot: Compliant climbing robotic platform with transitioning capability and payload capacity}},
    year = {2012},
    booktitle = {Proceedings - IEEE International Conference on Robotics and Automation},
    author = {Lee, Giuk and Wu, Geeyun and Kim, Sun Ho and Kim, Jongwon and Seo, Tae Won},
    isbn = {9781467314039},
    doi = {10.1109/ICRA.2012.6224799},
    issn = {10504729}
}

@inproceedings{Schroer2004,
    title = {{Comparing cockroach and Whegs robot body motions}},
    year = {2004},
    booktitle = {IEEE International Conference on Robotics and Automation, 2004. Proceedings. ICRA '04. 2004},
    author = {Schroer, R.T. and Boggess, M.J. and Bachmann, R.J. and Quinn, R.D. and Ritzmann, R.E.},
    number = {April},
    pages = {3288--3293},
    volume = {4},
    publisher = {IEEE},
    url = {http://ieeexplore.ieee.org/document/1308761/},
    isbn = {0-7803-8232-3},
    doi = {10.1109/ROBOT.2004.1308761},
    issn = {1050-4729}
}

@inproceedings{Golousov2019,
    title = {{Compliant control for walking robots with the use of virtual spring-damper system}},
    year = {2019},
    booktitle = {Advances in Nonlinear Science International Conference “Scientiﬁc Heritage of Sergey A. Chaplygin: Nonholonomic Mechanics, Vortex Structures and Hydrodynamics”},
    author = {Golousov, S and Khusainov, R and Savin, S},
    pages = {2--6},
    keywords = {biomorphic reaction force proﬁle, compliant control, uneven terrain, walking robot}
}

@inproceedings{Bulichev2018b,
    title = {{Concept Development Of Biomimetic Centipede Robot StriRus}},
    year = {2018},
    booktitle = {2018 23rd Conference of Open Innovations Association (FRUCT)},
    author = {Bulichev, Oleg and Klimchik, Alexandr},
    month = {11},
    pages = {85--90},
    publisher = {IEEE},
    url = {https://ieeexplore.ieee.org/document/8587914/},
    isbn = {978-9-5268-6536-2},
    doi = {10.23919/FRUCT.2018.8587914},
    keywords = {Kinematics, Legged locomotion, Prototypes, Shape, Task analysis}
}

@article{Savin2018,
    title = {{Control methods for in-pipe walking robots}},
    year = {2018},
    journal = {Cloud of Science},
    author = {Savin, Sergey and Vorochaeva, L},
    pages = {163--195},
    keywords = {controller, in-pipe walking robot, inverse kinematics, quadratic programming., robot body’s orientation, robot body’s trajectory, step sequence}
}

@article{Fortin2012,
    title = {{DEAP: Evolutionary Algorithms Made Easy}},
    year = {2012},
    journal = {Journal of Machine Learning Research},
    author = {Fortin, F. A. and Rainville, D. and Gardner, M. A. G. and Parizeau, M. and Gagn{\'{e}}, C.},
    isbn = {1532-4435},
    doi = {10.1.1.413.6512},
    issn = {1533-7928}
}

@article{Blum2019,
    title = {{Deep Learned Path Planning via Randomized Reward-Linked-Goals and Potential Space Applications}},
    year = {2019},
    author = {Blum, Tamir and Jones, William and Yoshida, Kazuya},
    url = {http://arxiv.org/abs/1909.06034},
    arxivId = {1909.06034},
    keywords = {Reinforcement Learning, Locomotion, Path planning,}
}

@article{Tsounis2019,
    title = {{DeepGait: Planning and Control of Quadrupedal Gaits using Deep Reinforcement Learning}},
    year = {2019},
    author = {Tsounis, Vassilios and Alge, Mitja and Lee, Joonho and Farshidian, Farbod and Hutter, Marco},
    url = {http://arxiv.org/abs/1909.08399},
    arxivId = {1909.08399}
}

@phdthesis{Hoffman2013,
    title = {{Design and Locomotion Studies of a Miniature Centipede-Inspired Robot}},
    year = {2013},
    booktitle = {Doctoral Dissertation},
    author = {Hoffman, Katie Lynn and Hoffma, Katie Lynn},
    isbn = {9781303184871},
    pmid = {1437672075}
}

@article{Sintov2011,
    title = {{Design and motion planning of an autonomous climbing robot with claws}},
    year = {2011},
    journal = {Robotics and Autonomous Systems},
    author = {Sintov, Avishai and Avramovich, Tomer and Shapiro, Amir},
    doi = {10.1016/j.robot.2011.06.003},
    issn = {09218890},
    keywords = {Algorithm, Claws, Climbing, Motion, Robot}
}

@article{Xu2017,
    title = {{Design and optimization of a magnetic wheel for a grit-blasting robot for use on ship hulls}},
    year = {2017},
    journal = {Robotica},
    author = {Xu, Zhengyi and Xie, Yu and Zhang, Ke and Hu, Yongqiang and Zhu, Xiaopeng and Shi, Hao},
    doi = {10.1017/S0263574715000788},
    issn = {14698668},
    keywords = {Grit-blasting robot, Magnetic wheel, Magnetostatic simulation, Ship hulls, Surface condition}
}

@inproceedings{PALMER2009,
    title = {{DESIGN ASPECTS OF A CLIMBING HEXAPOD}},
    year = {2009},
    booktitle = {Mobile Robotics},
    author = {PALMER, LUTHER R. and DILLER, ERIC D. and QUINN, ROGER D.},
    month = {8},
    pages = {197--204},
    publisher = {WORLD SCIENTIFIC},
    url = {http://www.worldscientific.com/doi/abs/10.1142/9789814291279_0027},
    isbn = {978-981-4291-26-2},
    doi = {10.1142/9789814291279{\_}0027}
}

@phdthesis{Kalouche2016a,
    title = {{DESIGN FOR 3D AGILITY AND VIRTUAL COMPLIANCE USING PROPRIOCEPTIVE FORCE CONTROL IN DYNAMIC LEGGED ROBOTS}},
    year = {2016},
    author = {Kalouche, Simon},
    number = {October}
}

@inproceedings{Shen2009,
    title = {{Design of a leg-wheel hybrid mobile platform}},
    year = {2009},
    booktitle = {2009 IEEE/RSJ International Conference on Intelligent Robots and Systems},
    author = {Shen, Shuan-Yu and {Cheng-Hsin Li} and Cheng, Chih-Chung and Lu, Jau-Ching and Wang, Shao-Fan and Lin, Pei-Chun},
    month = {10},
    pages = {4682--4687},
    publisher = {IEEE},
    url = {http://ieeexplore.ieee.org/document/5353958/},
    isbn = {978-1-4244-3803-7},
    doi = {10.1109/IROS.2009.5353958},
    issn = {00189448}
}

@inproceedings{Yoshida2010,
    title = {{Design of a wall-climbing robot with passive suction cups}},
    year = {2010},
    booktitle = {2010 IEEE International Conference on Robotics and Biomimetics, ROBIO 2010},
    author = {Yoshida, Yu and Ma, Shugen},
    isbn = {9781424493173},
    doi = {10.1109/ROBIO.2010.5723554}
}

@article{Li2008,
    title = {{Design of hexapod bionic robot on wet adhesion}},
    year = {2008},
    journal = {Huazhong Keji Daxue Xuebao (Ziran Kexue Ban)/Journal of Huazhong University of Science and Technology (Natural Science Edition)},
    author = {Li, Bin and He, Bin and Su, Yongqing},
    issn = {16714512},
    keywords = {Bionic, Detachment, Footpad, Hexapod robot, Mucus, Tripod gait, Wet adhesion}
}

@article{Semini2017,
    title = {{Design of the Hydraulically Actuated, Torque-Controlled Quadruped Robot HyQ2Max}},
    year = {2017},
    journal = {IEEE/ASME Transactions on Mechatronics},
    author = {Semini, Claudio and Barasuol, Victor and Goldsmith, Jake and Frigerio, Marco and Focchi, Michele and Gao, Yifu and Caldwell, Darwin G.},
    doi = {10.1109/TMECH.2016.2616284},
    issn = {10834435},
    keywords = {HyQ2Max, Hydraulic actuation, legged locomotion, quadruped robot design}
}

@article{Semini2015a,
    title = {{Design Overview of the Hydraulic Quadruped Robots HyQ2Max and HyQ2Centaur}},
    year = {2015},
    journal = {The Fourteenth Scandinavian International Conference on Fluid Power},
    author = {Semini, Claudio and Goldsmith, Jake and Rehman, Bilal Ur and Frigerio, Marco and Barasuol, Victor and Focchi, Michele and Caldwell, Darwin G},
    keywords = {hydraulic actuation, hydraulic centaur, legged robot, mechanical design, quadruped}
}

@inproceedings{Siles2009,
    title = {{Design, Construction, and testing of a new class of mobile robots for cave exploration}},
    year = {2009},
    booktitle = {IEEE 2009 International Conference on Mechatronics, ICM 2009},
    author = {Siles, Ivan and Walker, Ian D.},
    isbn = {9781424441952},
    doi = {10.1109/ICMECH.2009.4957126},
    keywords = {Biologically inspired robots, Cave robot, Exploration, Subterranean, Whegs}
}

@inproceedings{Papadirnitriou2018,
    title = {{Design, Development and Experimental Evaluation of a Thrust Vectoring Vortex Climbing Robot}},
    year = {2018},
    booktitle = {2018 IEEE International Conference on Robotics and Biomimetics, ROBIO 2018},
    author = {Papadirnitriou, Andreas and Andrikopoulos, George and Nikolakopoulos, George},
    isbn = {9781728103761},
    doi = {10.1109/ROBIO.2018.8665069}
}

@inproceedings{Ye2007,
    title = {{Development of a 3D snake-like robot: Perambulator-II}},
    year = {2007},
    booktitle = {Proceedings of the 2007 IEEE International Conference on Mechatronics and Automation, ICMA 2007},
    author = {Ye, Changlong and Shugen, Ma and Li, Bin and Liu, Hongjun and Wang, Hequan},
    isbn = {1424408288},
    doi = {10.1109/ICMA.2007.4303526},
    keywords = {Mechanism, Serpentine locomotion, Shell shape, Snake-like robot}
}

@article{Forkuo2008,
    title = {{Digital terrain modeling in a GIS environement}},
    year = {2008},
    journal = {The International Archives of the Photogrammetry},
    author = {Forkuo, Eric Kwabena},
    keywords = {3D GIS and Interpolation errors, 3D Modeling, Accuracy Assessment, DTM/DSM}
}

@inproceedings{Ahmed2018a,
    title = {{Digital Video Stabilization- Review with a Perspective of Real Time Implementation}},
    year = {2017},
    booktitle = {2017 IEEE International Symposium on Nanoelectronic and Information Systems (iNIS)},
    author = {Ahmed, Mohammed},
    month = {12},
    pages = {184--189},
    volume = {2018-Febru},
    publisher = {IEEE},
    url = {http://ieeexplore.ieee.org/document/8293927/},
    isbn = {978-1-5386-1356-6},
    doi = {10.1109/iNIS.2017.50},
    keywords = {DVS, Feature Extraction, Motion Correction, Motion Estimation, Video Stabilization}
}

@inproceedings{Rogers2017,
    title = {{Distributed subterranean exploration and mapping with teams of UAVs}},
    year = {2017},
    booktitle = {Ground/Air Multisensor Interoperability, Integration, and Networking for Persistent ISR VIII},
    author = {Rogers, John G. and Sherrill, Ryan E. and Schang, Arthur and Meadows, Shava L. and Cox, Eric P. and Byrne, Brendan and Baran, David G. and Curtis, J. Willard and Brink, Kevin M.},
    isbn = {9781510608818},
    doi = {10.1117/12.2266316},
    issn = {1996756X}
}

@article{Lajoie2019,
    title = {{DOOR-SLAM: Distributed, Online, and Outlier Resilient SLAM for Robotic Teams}},
    year = {2019},
    author = {Lajoie, Pierre-Yves and Ramtoula, Benjamin and Chang, Yun and Carlone, Luca and Beltrame, Giovanni},
    url = {http://arxiv.org/abs/1909.12198},
    arxivId = {1909.12198}
}

@article{Huang2019,
    title = {{Duckiefloat: a Collision-Tolerant Resource-Constrained Blimp for Long-Term Autonomy in Subterranean Environments}},
    year = {2019},
    author = {Huang, Yi-Wei and Lu, Chen-Lung and Chen, Kuan-Lin and Ser, Po-Sheng and Huang, Jui-Te and Shen, Yu-Chia and Chen, Pin-Wei and Chang, Po-Kai and Lee, Sheng-Cheng and Wang, Hsueh-Cheng},
    url = {http://arxiv.org/abs/1910.14275},
    arxivId = {1910.14275}
}

@book{Lindner2009a,
    title = {{Dynamic 3D Imaging}},
    year = {2009},
    author = {Lindner, Marvin and Kolb, Andreas},
    editor = {Kolb, Andreas and Koch, Reinhard},
    number = {December},
    series = {Lecture Notes in Computer Science},
    volume = {5742},
    publisher = {Springer Berlin Heidelberg},
    url = {http://link.springer.com/10.1007/978-3-642-03778-8},
    address = {Berlin, Heidelberg},
    isbn = {978-3-642-03777-1},
    doi = {10.1007/978-3-642-03778-8}
}

@article{Paramkusam2017,
    title = {{Efficient motion estimation algorithm on the layers}},
    year = {2017},
    journal = {Electronics Letters},
    author = {Paramkusam, A.V.},
    number = {7},
    month = {3},
    pages = {467--469},
    volume = {53},
    url = {http://digital-library.theiet.org/content/journals/10.1049/el.2016.3869},
    doi = {10.1049/el.2016.3869},
    issn = {0013-5194}
}

@book{Yang,
    title = {{Engineering Mathematics with MATLAB}},
    author = {Yang, Won and Choi, Young and Kim, Jaekwon},
    isbn = {978-1-138-05933-7}
}

@inproceedings{Kiselev2016,
    title = {{Event-driven deep neural network hardware system for sensor fusion}},
    year = {2016},
    booktitle = {Proceedings - IEEE International Symposium on Circuits and Systems},
    author = {Kiselev, Ilya and Neil, Daniel and Liu, Shih Chii},
    isbn = {9781479953400},
    doi = {10.1109/ISCAS.2016.7539099},
    issn = {02714310},
    keywords = {Dynamic Vision Sensor, Spiking Deep Networks, event-driven sensors, hardware spiking network, sensor fusion}
}

@inproceedings{Kiselev2016a,
    title = {{Event-driven deep neural network hardware system for sensor fusion}},
    year = {2016},
    booktitle = {Proceedings - IEEE International Symposium on Circuits and Systems},
    author = {Kiselev, Ilya and Neil, Daniel and Liu, Shih Chii},
    isbn = {9781479953400},
    doi = {10.1109/ISCAS.2016.7539099},
    issn = {02714310},
    keywords = {Dynamic Vision Sensor, Spiking Deep Networks, event-driven sensors, hardware spiking network, sensor fusion}
}

@book{nolfi2000evolutionary,
    title = {{Evolutionary robotics: The biology, intelligence, and technology of self-organizing machines}},
    year = {2000},
    author = {Nolfi, Stefano and Floreano, Dario},
    publisher = {MIT press},
    isbn = {9780262140706}
}

@inproceedings{Mazzapioda2009,
    title = {{Evolving morphology and control: A distributed approach}},
    year = {2009},
    booktitle = {2009 IEEE Congress on Evolutionary Computation},
    author = {Mazzapioda, M. and Cangelosi, A. and Nolfi, S.},
    pages = {2217--2224},
    publisher = {IEEE},
    url = {http://ieeexplore.ieee.org/document/4983216/},
    isbn = {978-1-4244-2958-5},
    doi = {10.1109/CEC.2009.4983216}
}

@inproceedings{KeJungHuang2011,
    title = {{Experimental validation of a leg-wheel hybrid mobile robot Quattroped}},
    year = {2011},
    booktitle = {2011 IEEE International Conference on Robotics and Automation},
    author = {{Ke Jung Huang} and Chen, Shen-Chiang and {Ya Cheng Chou} and Shen, Shuan-Yu and {Cheng-Hsin Li} and {Pei-Chun Lin}},
    month = {5},
    pages = {2976--2977},
    publisher = {IEEE},
    url = {http://ieeexplore.ieee.org/document/5980480/},
    isbn = {978-1-61284-386-5},
    doi = {10.1109/ICRA.2011.5980480},
    issn = {10504729}
}

@article{Dang2019a,
    title = {{Field-hardened Robotic Autonomy for Subterranean Exploration}},
    year = {2019},
    author = {Dang, Tung and Mascarich, Frank and Khattak, Shehryar and Nguyen, Huan and Khedekar, Nikhil and Papachristos, Christos and Alexis, Kostas}
}

@article{Thangavelautham2017,
    title = {{Flying, Hopping Pit-Bots for Cave and Lava Tube Exploration on the Moon and Mars}},
    year = {2017},
    author = {Thangavelautham, Jekanthan and Robinson, Mark S. and Taits, Alexander and McKinney, Tyler and Amidan, Sean and Polak, Adam},
    month = {1},
    url = {http://arxiv.org/abs/1701.07799},
    arxivId = {1701.07799}
}

@inproceedings{Jatsun2017,
    title = {{Footstep planner algorithm for a lower limb exoskeleton climbing stairs}},
    year = {2017},
    booktitle = {Lecture Notes in Computer Science (including subseries Lecture Notes in Artificial Intelligence and Lecture Notes in Bioinformatics)},
    author = {Jatsun, Sergey and Savin, Sergei and Yatsun, Andrey},
    isbn = {9783319664705},
    doi = {10.1007/978-3-319-66471-2{\_}9},
    issn = {16113349},
    keywords = {Climbing stairs, Footstep planner algorithm, Lower limb exoskeletons, Quadratic programming}
}

@inproceedings{Savin2017,
    title = {{Footstep planning for a six-legged in-pipe robot moving in spatially curved pipes}},
    year = {2017},
    booktitle = {2017 International Siberian Conference on Control and Communications (SIBCON)},
    author = {Savin, Sergei and Vorochaeva, Ludmila},
    month = {6},
    pages = {1--6},
    publisher = {IEEE},
    url = {http://ieeexplore.ieee.org/document/7998581/},
    isbn = {978-1-5090-1081-3},
    doi = {10.1109/SIBCON.2017.7998581}
}

@article{Bretl2006,
    title = {{Free-climbing with a multi-use robot}},
    year = {2006},
    journal = {Springer Tracts in Advanced Robotics},
    author = {Bretl, Tim and Rock, Stephen and Latombe, Jean Claude and Kennedy, Brett and Aghazarian, Hrand},
    isbn = {3540288163},
    doi = {10.1007/11552246{\_}43},
    issn = {16107438}
}

@article{JamesH.Williams,
    title = {{Fundamentals of applied dynamics}},
    author = {{James H. Williams}}
}

@inproceedings{Austin2017,
    title = {{Gait design and optimization for efficient running of a direct-drive quadrupedal robot}},
    year = {2017},
    booktitle = {Unmanned Systems Technology XIX},
    author = {Austin, Max and Brown, Jason and Geidel, Kaylee and Wang, Wenxuan and Clark, Jonathan},
    doi = {10.1117/12.2262898}
}

@inproceedings{Austin2017a,
    title = {{Gait design and optimization for efficient running of a direct-drive quadrupedal robot}},
    year = {2017},
    booktitle = {Unmanned Systems Technology XIX},
    author = {Austin, Max and Brown, Jason and Geidel, Kaylee and Wang, Wenxuan and Clark, Jonathan},
    doi = {10.1117/12.2262898}
}

@inproceedings{Blackman2016,
    title = {{Gait development on Minitaur, a direct drive quadrupedal robot}},
    year = {2016},
    booktitle = {Unmanned Systems Technology XVIII},
    author = {Blackman, Daniel J. and Nicholson, John V. and Ordonez, Camilo and Miller, Bruce D. and Clark, Jonathan E.},
    doi = {10.1117/12.2231105}
}

@inproceedings{Blackman2016a,
    title = {{Gait development on Minitaur, a direct drive quadrupedal robot}},
    year = {2016},
    booktitle = {Unmanned Systems Technology XVIII},
    author = {Blackman, Daniel J. and Nicholson, John V. and Ordonez, Camilo and Miller, Bruce D. and Clark, Jonathan E.},
    doi = {10.1117/12.2231105}
}

@article{Kalita2017,
    title = {{GNC of the SphereX Robot for Extreme Environment Exploration on Mars}},
    year = {2017},
    author = {Kalita, Himangshu and Nallapu, Ravi Teja and Warren, Andrew and Thangavelautham, Jekan},
    pages = {1--12},
    url = {http://arxiv.org/abs/1701.07550},
    arxivId = {1701.07550}
}

@inproceedings{Kalouche2017,
    title = {{GOAT: A legged robot with 3D agility and virtual compliance}},
    year = {2017},
    booktitle = {2017 IEEE/RSJ International Conference on Intelligent Robots and Systems (IROS)},
    author = {Kalouche, Simon},
    month = {9},
    pages = {4110--4117},
    publisher = {IEEE},
    url = {http://ieeexplore.ieee.org/document/8206269/},
    isbn = {978-1-5386-2682-5},
    doi = {10.1109/IROS.2017.8206269},
    issn = {21530866}
}

@inproceedings{Hino2002,
    title = {{Gradient-based motion vector estimation using variable block shape}},
    year = {2002},
    booktitle = {European Signal Processing Conference (EUSIPCO)},
    author = {Hino, Masatoshi and Hamada, Nozomu},
    publisher = {IEEE},
    url = {https://ieeexplore.ieee.org/document/7072185},
    address = {Toulouse},
    doi = {10.5281/zenodo.53674}
}

@inproceedings{Dang2019,
    title = {{Graph-based Path Planning for Autonomous Robotic Exploration in Subterranean Environments}},
    year = {2019},
    booktitle = {2019 IEEE/RSJ International Conference on Intelligent Robots and Systems (IROS)},
    author = {Dang, Tung and Mascarich, Frank and Khattak, Shehryar and Papachristos, Christos and Alexis, Kostas},
    month = {11},
    pages = {3105--3112},
    publisher = {IEEE},
    url = {https://ieeexplore.ieee.org/document/8968151/},
    isbn = {978-1-7281-4004-9},
    doi = {10.1109/IROS40897.2019.8968151}
}

@inproceedings{Molyneaux2016,
    title = {{HADES: An underground mine disaster scouting robot}},
    year = {2016},
    booktitle = {SSRR 2015 - 2015 IEEE International Symposium on Safety, Security, and Rescue Robotics},
    author = {Molyneaux, Lance and Carnegie, Dale A. and Chitty, Chris},
    isbn = {9781509019595},
    doi = {10.1109/SSRR.2015.7443019},
    keywords = {disaster robotics, explosion-proof design, mesh network, search and rescue robots, underground mines}
}

@incollection{Borijindakul2019,
    title = {{Haptic Feedback with a Reservoir Computing-Based Recurrent Neural Network for Multiple Terrain Classification of a Walking Robot}},
    year = {2019},
    booktitle = {Lecture Notes in Computer Science (including subseries Lecture Notes in Artificial Intelligence and Lecture Notes in Bioinformatics)},
    author = {Borijindakul, Pongsiri and Jinuntuya, Noparit and Manoonpong, Poramate},
    pages = {233--244},
    url = {http://link.springer.com/10.1007/978-3-030-27538-9_20},
    isbn = {9783030275372},
    doi = {10.1007/978-3-030-27538-9{\_}20},
    issn = {16113349},
    keywords = {Haptic feedback, Neural networks, Soft terrains, Terrain classification, Walking machines}
}

@article{Mac2016,
    title = {{Heuristic approaches in robot path planning: A survey}},
    year = {2016},
    journal = {Robotics and Autonomous Systems},
    author = {Mac, Thi Thoa and Copot, Cosmin and Tran, Duc Trung and De Keyser, Robin},
    month = {12},
    pages = {13--28},
    volume = {86},
    url = {https://linkinghub.elsevier.com/retrieve/pii/S0921889015300671},
    doi = {10.1016/j.robot.2016.08.001},
    issn = {09218890},
    keywords = {Autonomous navigation, Fuzzy logic, Heuristic methods, Nature− inspired algorithms, Neural network, Potential field method, Robot path planning}
}

@article{Dubowsky2008,
    title = {{Hopping mobility concept for search and rescue robots}},
    year = {2008},
    journal = {Industrial Robot},
    author = {Dubowsky, Steven and Kesner, Samuel and Plante, Jean Sébastien and Boston, Penelope},
    doi = {10.1108/01439910810868561},
    issn = {0143991X},
    keywords = {Microsensors, Robotics, Search and rescue}
}

@article{Novak2018,
    title = {{Implementation of explosion safety regulations in design of a mobile robot for coal mines}},
    year = {2018},
    journal = {Applied Sciences (Switzerland)},
    author = {Nov{\'{a}}k, Petr and Kot, Tomáš and Babjak, Jan and Konecn{\'{y}}, Zdenek and Moczulski, Wojciech and L{\'{o}}pez, Ángel Rodriguez},
    doi = {10.3390/app8112300},
    issn = {20763417},
    keywords = {ATEX, Coalmine, Exploration, Methane, Mobile robot, Robotics, Safety}
}

@inproceedings{Kondo2008,
    title = {{Improved gradient-based methods for motion estimation in image sequences}},
    year = {2008},
    booktitle = {2008 SICE Annual Conference},
    author = {Kondo, Toshiaki and Boonsieng, Pramuk and Kongprawechnon, Waree},
    number = {2},
    month = {8},
    pages = {1120--1123},
    publisher = {IEEE},
    url = {http://ieeexplore.ieee.org/document/4654826/},
    isbn = {978-4-907764-30-2},
    doi = {10.1109/SICE.2008.4654826},
    keywords = {gradient, motion estimation, motion vectors, optical flow, principal component analysis, structure tensor}
}

@article{Wu2016,
    title = {{Integrated Ground Reaction Force Sensing and Terrain Classification for Small Legged Robots}},
    year = {2016},
    journal = {IEEE Robotics and Automation Letters},
    author = {Wu, X. Alice and Huh, Tae Myung and Mukherjee, Rudranarayan and Cutkosky, Mark},
    number = {2},
    month = {7},
    pages = {1125--1132},
    volume = {1},
    url = {http://ieeexplore.ieee.org/document/7397881/},
    isbn = {9781467380256},
    doi = {10.1109/LRA.2016.2524073},
    issn = {2377-3766},
    pmid = {7397881},
    keywords = {Force and Tactile Sensing, Multilegged Robots}
}

@book{Design,
    title = {{Intelligent Control Design and MatLab Simulation}},
    author = {Jinkun, Liu},
    isbn = {9789811052620}
}

@inproceedings{Siegwart2011,
    title = {{Introduction to Autonomous Mobile Robots, Second Edition}},
    year = {2011},
    booktitle = {MIT Press},
    author = {Siegwart, Roland and Nourbakhsh, Illah R and Scaramuzza, Davide},
    isbn = {978-0-262-01535-6}
}

@book{Thyagarajan2018,
    title = {{Introduction to Digital Signal Processing Using MATLAB with Application to Digital Communications}},
    year = {2019},
    booktitle = {Introduction to Digital Signal Processing Using MATLAB with Application to Digital Communications},
    author = {Thyagarajan, K.S.},
    publisher = {Springer International Publishing},
    url = {http://link.springer.com/10.1007/978-3-319-76029-2},
    address = {Cham},
    isbn = {978-3-319-76028-5},
    doi = {10.1007/978-3-319-76029-2}
}

@book{Tzafestas2013,
    title = {{Introduction to Mobile Robot Control}},
    year = {2014},
    booktitle = {Introduction to Mobile Robot Control},
    author = {Tzafestas, Spyros G.},
    publisher = {Elsevier},
    url = {https://linkinghub.elsevier.com/retrieve/pii/C20130013655},
    isbn = {9780124170490},
    doi = {10.1016/C2013-0-01365-5}
}

@article{Frumkin2019,
    title = {{Karst terrain in the western upper Galilee, Israel: Speleogenesis, hydrogeology and human preference of Manot Cave}},
    year = {2019},
    journal = {Journal of Human Evolution},
    author = {Frumkin, Amos and Barzilai, Omry and Hershkovitz, Israel and Ullman, Micka and Marder, Ofer},
    month = {6},
    pages = {102618},
    url = {https://linkinghub.elsevier.com/retrieve/pii/S0047248419300016},
    doi = {10.1016/j.jhevol.2019.05.006},
    issn = {00472484}
}

@article{Taheri2015,
    title = {{Kinematic Model of a Four Mecanum Wheeled Mobile Robot}},
    year = {2015},
    journal = {International Journal of Computer Applications},
    author = {Taheri, Hamid and Qiao, Bing and Ghaeminezhad, Nurallah},
    number = {3},
    month = {3},
    pages = {6--9},
    volume = {113},
    url = {http://research.ijcaonline.org/volume113/number3/pxc3901586.pdf},
    doi = {10.5120/19804-1586},
    issn = {09758887}
}

@inproceedings{Muir,
    title = {{Kinematic modeling for feedback control of an omnidirectional wheeled mobile robot}},
    booktitle = {Proceedings. 1987 IEEE International Conference on Robotics and Automation},
    author = {Muir, P. and Neuman, C.},
    pages = {1772--1778},
    volume = {4},
    publisher = {Institute of Electrical and Electronics Engineers},
    url = {http://ieeexplore.ieee.org/document/1087767/},
    isbn = {978-1-4613-8999-6 978-1-4613-8997-2},
    doi = {10.1109/ROBOT.1987.1087767},
    issn = {1559-3258},
    pmid = {23304099}
}

@inproceedings{Harper2017,
    title = {{Kinematic modeling of a RHex-type robot using a neural network}},
    year = {2017},
    author = {Harper, Mario and Pace, James and Gupta, Nikhil and Ordonez, Camilo and Collins, Emmanuel G.},
    editor = {Karlsen, Robert E. and Gage, Douglas W. and Shoemaker, Charles M. and Nguyen, Hoa G.},
    month = {5},
    pages = {1019507},
    url = {http://proceedings.spiedigitallibrary.org/proceeding.aspx?doi=10.1117/12.2262894},
    isbn = {9781510608917},
    doi = {10.1117/12.2262894},
    issn = {1996756X}
}

@article{EdwardZ.Moore2002,
    title = {{Leg Design and Stair Climbing Control for the RHex Robotic Hexapod}},
    year = {2002},
    journal = {Department of Mechanical Engineering McGill University, Montreal, Canada},
    author = {{Edward Z. Moore}},
    number = {March},
    url = {http://www.martinbuehler.net/theses/Ned_Moore_thesis.pdf},
    isbn = {0612790843},
    issn = {0612790843}
}

@inproceedings{Parness2017,
    title = {{LEMUR 3: A limbed climbing robot for extreme terrain mobility in space}},
    year = {2017},
    booktitle = {Proceedings - IEEE International Conference on Robotics and Automation},
    author = {Parness, Aaron and Abcouwer, Neil and Fuller, Christine and Wiltsie, Nicholas and Nash, Jeremy and Kennedy, Brett},
    isbn = {9781509046331},
    doi = {10.1109/ICRA.2017.7989643},
    issn = {10504729}
}

@article{Foix2011a,
    title = {{Lock-in Time-of-Flight (ToF) Cameras: A Survey}},
    year = {2011},
    journal = {IEEE Sensors Journal},
    author = {Foix, Sergi and Alenya, Guillem and Torras, Carme},
    number = {9},
    month = {9},
    pages = {1917--1926},
    volume = {11},
    url = {http://ieeexplore.ieee.org/document/5686908/},
    isbn = {1530-437X},
    doi = {10.1109/JSEN.2010.2101060},
    issn = {1530-437X},
    keywords = {Calibration, lock-in, time-of-flight (ToF)}
}

@inproceedings{Vanderborght2009,
    title = {{MACCEPA 2.0: Adjustable compliant actuator with stiffening characteristic for energy efficient hopping}},
    year = {2009},
    booktitle = {2009 IEEE International Conference on Robotics and Automation},
    author = {Vanderborght, Bram and Tsagarakis, N.G. and Semini, C. and Van Ham, R. and Caldwell, D.G.},
    month = {5},
    pages = {544--549},
    volume = {340},
    publisher = {IEEE},
    url = {http://ieeexplore.ieee.org/document/5152204/},
    isbn = {978-1-4244-2788-8},
    doi = {10.1109/ROBOT.2009.5152204}
}

@inproceedings{Husain2013,
    title = {{Mapping planetary caves with an autonomous, heterogeneous robot team}},
    year = {2013},
    booktitle = {IEEE Aerospace Conference Proceedings},
    author = {Husain, Ammar and Jones, Heather and Kannan, Balajee and Wong, Uland and Pimentel, Tiago and Tang, Sarah and Daftry, Shreyansh and Huber, Steven and Whittaker, William L.},
    isbn = {9781467318112},
    doi = {10.1109/AERO.2013.6497363},
    issn = {1095323X}
}

@inproceedings{Zingg2010,
    title = {{MAV navigation through indoor corridors using optical flow}},
    year = {2010},
    booktitle = {Proceedings - IEEE International Conference on Robotics and Automation},
    author = {Zingg, Simon and Scaramuzza, Davide and Weiss, Stephan and Siegwart, Roland},
    isbn = {9781424450381},
    doi = {10.1109/ROBOT.2010.5509777},
    issn = {10504729}
}

@article{Koditschek2004,
    title = {{Mechanical aspects of legged locomotion control}},
    year = {2004},
    journal = {Arthropod Structure {\&} Development},
    author = {Koditschek, Daniel E. and Full, Robert J. and Buehler, Martin},
    number = {3},
    month = {7},
    pages = {251--272},
    volume = {33},
    url = {http://linkinghub.elsevier.com/retrieve/pii/S1467803904000398},
    isbn = {1734764430},
    doi = {10.1016/j.asd.2004.06.003},
    issn = {14678039},
    pmid = {18089038},
    keywords = {Bioinspired robots, Dynamical locomotion, Hexapod robot, Insect locomotion, Neuromechanics, Stable running}
}

@article{Reddy2015,
    title = {{Mine Rescue Robot System – A Review}},
    year = {2015},
    journal = {Procedia Earth and Planetary Science},
    author = {Reddy, A. Hemanth and Kalyan, Balla and Murthy, Ch. S.N.},
    doi = {10.1016/j.proeps.2015.06.045},
    issn = {18785220}
}

@article{Miller2019,
    title = {{Mine Tunnel Exploration using Multiple Quadrupedal Robots}},
    year = {2019},
    author = {Miller, Ian D. and Cladera, Fernando and Cowley, Anthony and Shivakumar, Shreyas S. and Lee, Elijah S. and Jarin-Lipschitz, Laura and Bhat, Akhilesh and Rodrigues, Neil and Zhou, Alex and Cohen, Avraham and Kulkarni, Adarsh and Laney, James and Taylor, Camillo Jose and Kumar, Vijay},
    url = {http://arxiv.org/abs/1909.09662},
    arxivId = {1909.09662}
}

@article{Neil2014,
    title = {{Minitaur, an event-driven FPGA-based spiking network accelerator}},
    year = {2014},
    journal = {IEEE Transactions on Very Large Scale Integration (VLSI) Systems},
    author = {Neil, Daniel and Liu, Shih Chii},
    doi = {10.1109/TVLSI.2013.2294916},
    issn = {10638210},
    keywords = {Deep belief networks, field programmable arrays, machine learning, neural networks, restricted Boltzmann machines, spiking neural networks}
}

@article{Neil2014a,
    title = {{Minitaur, an event-driven FPGA-based spiking network accelerator}},
    year = {2014},
    journal = {IEEE Transactions on Very Large Scale Integration (VLSI) Systems},
    author = {Neil, Daniel and Liu, Shih Chii},
    doi = {10.1109/TVLSI.2013.2294916},
    issn = {10638210},
    keywords = {Deep belief networks, field programmable arrays, machine learning, neural networks, restricted Boltzmann machines, spiking neural networks}
}

@inproceedings{Roberts2019,
    title = {{Mitigating energy loss in a robot hopping on a physically emulated dissipative substrate}},
    year = {2019},
    author = {Roberts, Sonia and Koditschek, Daniel E.},
    doi = {10.1109/icra.2019.8793781}
}

@inproceedings{Roberts2019b,
    title = {{Mitigating energy loss in a robot hopping on a physically emulated dissipative substrate}},
    year = {2019},
    author = {Roberts, Sonia and Koditschek, Daniel E.},
    doi = {10.1109/icra.2019.8793781}
}

@article{Murphy2009,
    title = {{Mobile robots in mine rescue and recovery}},
    year = {2009},
    journal = {IEEE Robotics and Automation Magazine},
    author = {Murphy, Robin R. and Kravitz, Jeffery and Stover, Samuel L. and Shoureshi, Rahmat},
    doi = {10.1109/MRA.2009.932521},
    issn = {10709932},
    keywords = {Automation, Crawlers, Data mining, Inspection, Mobile robots, Robot sensing systems, Robots}
}

@book{Duindam2009,
    title = {{Modeling and Control of Complex Physical Systems}},
    year = {2009},
    author = {Duindam, Vincent and Macchelli, Alessandro and Stramigioli, Stefano and Bruyninckx, Herman},
    publisher = {Springer Berlin Heidelberg},
    url = {http://link.springer.com/10.1007/978-3-642-03196-0},
    address = {Berlin, Heidelberg},
    isbn = {978-3-642-03195-3},
    doi = {10.1007/978-3-642-03196-0}
}

@article{Panagou2009,
    title = {{Modeling of a Hexapod Robot ; Kinematic Equivalence to a Unicycle UDME Technical Report Number UDMETR-2009-0001 Modeling of a Hexapod Robot ; Kinematic Equivalence to a Unicycle}},
    year = {2009},
    journal = {Mechanical Engineering},
    author = {Panagou, Dimitra and Tanner, Herbert},
    number = {April}
}

@book{Lynch2017,
    title = {{Modern robotics : mechanics, planning, and control}},
    year = {2017},
    author = {Lynch, Kevin (Kevin M.) and Park, Frank C.},
    number = {May},
    pages = {544},
    url = {http://hades.mech.northwestern.edu/index.php/Modern_Robotics},
    isbn = {9781107156302}
}

@inproceedings{Lottner2007a,
    title = {{Movement Artefacts in Range Images of Time-of-Flight Cameras}},
    year = {2007},
    booktitle = {2007 International Symposium on Signals, Circuits and Systems},
    author = {Lottner, O. and Sluiter, A. and Hartmann, K. and Weihs, W.},
    month = {7},
    pages = {1--4},
    volume = {1},
    publisher = {IEEE},
    url = {http://ieeexplore.ieee.org/document/4292665/},
    isbn = {1-4244-0968-3},
    doi = {10.1109/ISSCS.2007.4292665}
}

@inproceedings{Windau2011,
    title = {{Multilayer real-time video image stabilization}},
    year = {2011},
    booktitle = {2011 IEEE/RSJ International Conference on Intelligent Robots and Systems},
    author = {Windau, Jens and Itti, Laurent},
    number = {213},
    month = {9},
    pages = {2397--2402},
    volume = {1},
    publisher = {IEEE},
    url = {http://ieeexplore.ieee.org/lpdocs/epic03/wrapper.htm?arnumber=6048344},
    isbn = {978-1-61284-456-5},
    doi = {10.1109/IROS.2011.6048344},
    issn = {2153-0858}
}

@inproceedings{Windau2011b,
    title = {{Multilayer real-time video image stabilization}},
    year = {2011},
    booktitle = {2011 IEEE/RSJ International Conference on Intelligent Robots and Systems},
    author = {Windau, Jens and Itti, Laurent},
    number = {213},
    month = {9},
    pages = {2397--2402},
    volume = {1},
    publisher = {IEEE},
    url = {http://ieeexplore.ieee.org/lpdocs/epic03/wrapper.htm?arnumber=6048344},
    isbn = {978-1-61284-456-5},
    doi = {10.1109/IROS.2011.6048344},
    issn = {2153-0858}
}

@inproceedings{Kotay1996,
    title = {{Navigating 3D steel web structures with an inchworm robot}},
    year = {1996},
    booktitle = {IEEE International Conference on Intelligent Robots and Systems},
    author = {Kotay, Keith D. and Rus, Daniela L.},
    doi = {10.1109/iros.1996.570701}
}

@inproceedings{Tavakoli2012,
    title = {{OmniClimber: An omnidirectional light weight climbing robot with flexibility to adapt to non-flat surfaces}},
    year = {2012},
    booktitle = {IEEE International Conference on Intelligent Robots and Systems},
    author = {Tavakoli, Mahmoud and Marques, Lino and De Almeida, Anibal T.},
    isbn = {9781467317375},
    doi = {10.1109/IROS.2012.6385454},
    issn = {21530858}
}

@article{Schmidt2011,
    title = {{Omnidirectional locomotion and traction control of the wheel-driven, wall-climbing robot, CROMSCI}},
    year = {2011},
    journal = {Robotica},
    author = {Schmidt, D. and Hillenbrand, C. and Berns, K.},
    doi = {10.1017/S0263574711000294},
    issn = {02635747},
    keywords = {Control of robotic systems, Force control, Mobile robots, Service robots, novel applications of robotics}
}

@article{KiliCMan2013,
    title = {{On pairwise Lindel{\"{o}}f bitopological spaces}},
    year = {2007},
    journal = {Topology and its Applications},
    author = {Kilicman, Adem and Salleh, Zabidin},
    number = {8},
    month = {4},
    pages = {1600--1607},
    volume = {154},
    url = {http://linkinghub.elsevier.com/retrieve/pii/S0166864107000028},
    isbn = {0262-8856},
    doi = {10.1016/j.topol.2006.12.007},
    issn = {01668641},
    pmid = {16792103},
    arxivId = {0901.4405},
    keywords = {Bitopological space, Ij -regular closed, Ij -regular open, Ij -weakly lindel{\"{o}}f, Ij -weakly lindel{\"{o}}f relative, Pairwise weakly lindel{\"{o}}f}
}

@article{KiliCMan2013b,
    title = {{On pairwise Lindel{\"{o}}f bitopological spaces}},
    year = {2007},
    journal = {Topology and its Applications},
    author = {Kilicman, Adem and Salleh, Zabidin},
    number = {8},
    month = {4},
    pages = {1600--1607},
    volume = {154},
    url = {http://linkinghub.elsevier.com/retrieve/pii/S0166864107000028},
    isbn = {0262-8856},
    doi = {10.1016/j.topol.2006.12.007},
    issn = {01668641},
    pmid = {16792103},
    arxivId = {0901.4405},
    keywords = {Bitopological space, Ij -regular closed, Ij -regular open, Ij -weakly lindel{\"{o}}f, Ij -weakly lindel{\"{o}}f relative, Pairwise weakly lindel{\"{o}}f}
}

@inproceedings{Vidal2018,
    title = {{Online 3D Underwater Exploration and Coverage}},
    year = {2018},
    booktitle = {AUV 2018 - 2018 IEEE/OES Autonomous Underwater Vehicle Workshop, Proceedings},
    author = {Vidal, Eduard and Palomeras, Narcis and Carreras, Marc},
    isbn = {9781728102535},
    doi = {10.1109/AUV.2018.8729736}
}

@inproceedings{Bulichev2018,
    title = {{Optimization of centipede robot body designs through evolutionary algorithms and multiple rough terrains simulation}},
    year = {2017},
    booktitle = {2017 IEEE International Conference on Robotics and Biomimetics (ROBIO)},
    author = {Bulichev, Oleg and Klimchik, Alexandr and Mavridis, Nikolaos},
    month = {12},
    pages = {290--295},
    publisher = {IEEE},
    url = {http://ieeexplore.ieee.org/document/8324432/},
    isbn = {978-1-5386-3742-5},
    doi = {10.1109/ROBIO.2017.8324432},
    keywords = {Legged locomotion, Optimization, Robot sensing systems, Shape, Task analysis}
}

@article{Feng2015,
    title = {{Optimization-based full body control for the DARPA Robotics Challenge}},
    year = {2015},
    journal = {Journal of Field Robotics},
    author = {Feng, Siyuan and Whitman, Eric and Xinjilefu, X. and Atkeson, Christopher G.},
    isbn = {9783902661623},
    doi = {10.1002/rob.21559},
    issn = {15564967},
    pmid = {22164016},
    arxivId = {10.1.1.91.5767}
}

@article{Drayton2013a,
    title = {{Phase Algorithms for Reducing Axial Motion and Linearity Error in Indirect Time of Flight Cameras}},
    year = {2013},
    journal = {IEEE Sensors Journal},
    author = {Drayton, Benjamin M. M. and Carnegie, Dale A. and Dorrington, Adrian A.},
    number = {9},
    month = {9},
    pages = {3386--3396},
    volume = {13},
    url = {http://ieeexplore.ieee.org/document/6497466/},
    isbn = {1530-437X},
    doi = {10.1109/JSEN.2013.2257737},
    issn = {1530-437X},
    keywords = {Robot vision systems, algorithms, distance measurement, error correction}
}

@inproceedings{Kadambi2015,
    title = {{Polarized 3D: High-quality depth sensing with polarization cues}},
    year = {2015},
    booktitle = {Proceedings of the IEEE International Conference on Computer Vision},
    author = {Kadambi, Achuta and Taamazyan, Vage and Shi, Boxin and Raskar, Ramesh},
    isbn = {9781467383912},
    doi = {10.1109/ICCV.2015.385},
    issn = {15505499},
    pmid = {7410742}
}

@article{Vallve2015,
    title = {{Potential information fields for mobile robot exploration}},
    year = {2015},
    journal = {Robotics and Autonomous Systems},
    author = {Vallv{\'{e}}, Joan and Andrade-Cetto, Juan},
    doi = {10.1016/j.robot.2014.08.009},
    issn = {09218890},
    keywords = {Exploration, Mobile robotics, SLAM}
}

@book{Mikhailov2018,
    title = {{Programming with MATLAB for Scientists}},
    year = {2018},
    booktitle = {Programming with MATLAB for Scientists},
    author = {Mikhailov, Eugeniy E.},
    month = {1},
    publisher = {CRC Press},
    url = {https://www.taylorfrancis.com/books/9781351228183},
    address = {Boca Raton, FL : CRC Press, Taylor {\&} Francis Group, [2017]},
    isbn = {9781351228183},
    doi = {10.1201/9781351228183}
}

@inproceedings{Topping2017,
    title = {{Quasi-static and dynamic mismatch for door opening and stair climbing with a legged robot}},
    year = {2017},
    booktitle = {Proceedings - IEEE International Conference on Robotics and Automation},
    author = {Topping, T. Turner and Kenneally, Gavin and Koditschek, D. E.},
    isbn = {9781509046331},
    doi = {10.1109/ICRA.2017.7989130},
    issn = {10504729}
}

@inproceedings{Topping2017a,
    title = {{Quasi-static and dynamic mismatch for door opening and stair climbing with a legged robot}},
    year = {2017},
    booktitle = {Proceedings - IEEE International Conference on Robotics and Automation},
    author = {Topping, T. Turner and Kenneally, Gavin and Koditschek, D. E.},
    isbn = {9781509046331},
    doi = {10.1109/ICRA.2017.7989130},
    issn = {10504729}
}

@article{Chen2014,
    title = {{Quattroped: A Leg--Wheel Transformable Robot}},
    year = {2014},
    journal = {IEEE/ASME Transactions on Mechatronics},
    author = {Chen, Shen-Chiang and Huang, Ke-Jung and Chen, Wei-Hsi and Shen, Shuan-Yu and Li, Cheng-Hsin and Lin, Pei-Chun},
    number = {2},
    month = {4},
    pages = {730--742},
    volume = {19},
    url = {http://ieeexplore.ieee.org/document/6508894/},
    isbn = {9781479936847},
    doi = {10.1109/TMECH.2013.2253615},
    issn = {1083-4435},
    keywords = {Leg, Locomotion, Mobile robot, Transformable, Wheel}
}

@inproceedings{Roberts2019a,
    title = {{Reactive velocity control reduces energetic cost of jumping with a virtual leg spring on simulated granular media}},
    year = {2019},
    booktitle = {2018 IEEE International Conference on Robotics and Biomimetics, ROBIO 2018},
    author = {Roberts, Sonia and Koditschek, Daniel E.},
    isbn = {9781728103761},
    doi = {10.1109/ROBIO.2018.8664858}
}

@inproceedings{Roberts2019c,
    title = {{Reactive velocity control reduces energetic cost of jumping with a virtual leg spring on simulated granular media}},
    year = {2019},
    booktitle = {2018 IEEE International Conference on Robotics and Biomimetics, ROBIO 2018},
    author = {Roberts, Sonia and Koditschek, Daniel E.},
    isbn = {9781728103761},
    doi = {10.1109/ROBIO.2018.8664858}
}

@article{Howard2000,
    title = {{Real-time assessment of terrain traversability for autonomous rover navigation}},
    year = {2000},
    journal = {Proceedings. 2000 IEEE/RSJ International Conference on Intelligent Robots and Systems (IROS 2000) (Cat. No.00CH37113)},
    author = {Howard, A. and Seraji, H.},
    isbn = {0-7803-6348-5},
    doi = {10.1109/IROS.2000.894582},
    keywords = {Cameras, Extraterrestrial measurements, Fuzzy sets, Layout, Mobile robots, Navigation, Robustness, Rough surfaces, Sensor phenomena and characterization, Uncertainty, autonomous rover, fuzzy control, fuzzy logic, goal-seeking behavior, mobile robot, mobile robots, navigation, position control, real-time measurement, real-time systems, terrain traversability}
}

@article{Erturk2002a,
    title = {{Real-Time Digital Image Stabilization Using Kalman Filters}},
    year = {2002},
    journal = {Real-Time Imaging},
    author = {Ert{\"{u}}rk, Sarp},
    number = {4},
    month = {8},
    pages = {317--328},
    volume = {8},
    url = {http://linkinghub.elsevier.com/retrieve/pii/S1077201401902785},
    doi = {10.1006/rtim.2001.0278},
    issn = {10772014}
}

@article{Li2017,
    title = {{Real-Time Feature-Based Video Stabilization on FPGA}},
    year = {2017},
    journal = {IEEE Transactions on Circuits and Systems for Video Technology},
    author = {Li, Jianan and Xu, Tingfa and Zhang, Kun},
    number = {4},
    month = {4},
    pages = {907--919},
    volume = {27},
    url = {http://ieeexplore.ieee.org/document/7373614/},
    doi = {10.1109/TCSVT.2016.2515238},
    issn = {1051-8215},
    keywords = {Feature extraction, field-programmable gate array (FPGA), motion estimation, video stabilization}
}

@article{Li2017b,
    title = {{Real-Time Feature-Based Video Stabilization on FPGA}},
    year = {2017},
    journal = {IEEE Transactions on Circuits and Systems for Video Technology},
    author = {Li, Jianan and Xu, Tingfa and Zhang, Kun},
    number = {4},
    month = {4},
    pages = {907--919},
    volume = {27},
    url = {http://ieeexplore.ieee.org/document/7373614/},
    doi = {10.1109/TCSVT.2016.2515238},
    issn = {10518215},
    keywords = {Feature extraction, field-programmable gate array (FPGA), motion estimation, video stabilization}
}

@incollection{Langmann2013a,
    title = {{Real-Time Image Stabilization for ToF Cameras on Mobile Platforms}},
    year = {2013},
    booktitle = {Lecture Notes in Computer Science (including subseries Lecture Notes in Artificial Intelligence and Lecture Notes in Bioinformatics)},
    author = {Langmann, Benjamin and Hartmann, Klaus and Loffeld, Otmar},
    pages = {289--301},
    volume = {8200 LNCS},
    url = {http://link.springer.com/10.1007/978-3-642-44964-2_14},
    isbn = {9783642449635},
    doi = {10.1007/978-3-642-44964-2{\_}14},
    issn = {16113349},
    keywords = {3d imaging, motion compensation, pho-, pmd, time-of-flight, tonic mixer device}
}

@article{Aguilar2016,
    title = {{Real-Time Model-Based Video Stabilization for Microaerial Vehicles}},
    year = {2016},
    journal = {Neural Processing Letters},
    author = {Aguilar, Wilbert G. and Angulo, Cecilio},
    number = {2},
    month = {4},
    pages = {459--477},
    volume = {43},
    publisher = {Springer US},
    url = {http://link.springer.com/10.1007/s11063-015-9439-0},
    doi = {10.1007/s11063-015-9439-0},
    issn = {1370-4621},
    keywords = {Kalman filter, Micro aerial vehicles, Modelling, Motion intention, RANSAC, Real-time, Video stabilization}
}

@article{Aguilar2016b,
    title = {{Real-Time Model-Based Video Stabilization for Microaerial Vehicles}},
    year = {2016},
    journal = {Neural Processing Letters},
    author = {Aguilar, Wilbert G. and Angulo, Cecilio},
    number = {2},
    month = {4},
    pages = {459--477},
    volume = {43},
    publisher = {Springer US},
    url = {http://link.springer.com/10.1007/s11063-015-9439-0},
    doi = {10.1007/s11063-015-9439-0},
    issn = {1573773X},
    keywords = {Kalman filter, Micro aerial vehicles, Modelling, Motion intention, RANSAC, Real-time, Video stabilization}
}

@incollection{Hoegg2013a,
    title = {{Real-Time Motion Artifact Compensation for PMD-ToF Images}},
    year = {2013},
    booktitle = {Lecture Notes in Computer Science (including subseries Lecture Notes in Artificial Intelligence and Lecture Notes in Bioinformatics)},
    author = {Hoegg, Thomas and Lefloch, Damien and Kolb, Andreas},
    pages = {273--288},
    volume = {8200 LNCS},
    url = {http://link.springer.com/10.1007/978-3-642-44964-2_13},
    isbn = {9783642449635},
    doi = {10.1007/978-3-642-44964-2{\_}13},
    issn = {16113349},
    keywords = {motion artifacts, pmd, tof}
}

@article{Hu2018,
    title = {{Real-time video stabilization for fast-moving vehicle cameras}},
    year = {2018},
    journal = {Multimedia Tools and Applications},
    author = {Hu, Wu Chih and Chen, Chao Ho and Chen, Tsong Yi and Peng, Min Yang and Su, Yi Jen},
    number = {1},
    pages = {1237--1260},
    volume = {77},
    publisher = {Multimedia Tools and Applications},
    url = {http://dx.doi.org/10.1007/s11042-016-4291-4},
    doi = {10.1007/s11042-016-4291-4},
    issn = {15737721},
    keywords = {Fast-moving camera, Traffic video, Video stabilization}
}

@article{Hu2018b,
    title = {{Real-time video stabilization for fast-moving vehicle cameras}},
    year = {2018},
    journal = {Multimedia Tools and Applications},
    author = {Hu, Wu Chih and Chen, Chao Ho and Chen, Tsong Yi and Peng, Min Yang and Su, Yi Jen},
    number = {1},
    month = {1},
    pages = {1237--1260},
    volume = {77},
    publisher = {Multimedia Tools and Applications},
    url = {http://dx.doi.org/10.1007/s11042-016-4291-4 http://link.springer.com/10.1007/s11042-016-4291-4},
    doi = {10.1007/s11042-016-4291-4},
    issn = {15737721},
    keywords = {Fast-moving camera, Traffic video, Video stabilization}
}

@article{Morris2006,
    title = {{Recent developments in subterranean robotics}},
    year = {2006},
    journal = {Journal of Field Robotics},
    author = {Morris, Aaron and Ferguson, Dave and Omohundro, Zachary and Bradley, David and Silver, David and Baker, Chris and Thayer, Scott and Whittaker, Chuck and Whittaker, William},
    doi = {10.1002/rob.20106},
    issn = {15564959}
}

@article{Grehl2017,
    title = {{Research perspective - Mobile robots in underground mining}},
    year = {2017},
    journal = {AusIMM Bulletin},
    author = {Grehl, Steve and Mischo, Helmut and Jung, Bernhard},
    issn = {10346775}
}

@article{Srividya1997,
    title = {{Resistance of plasma-deposited a-C : H/fluorocarbon films to anodic breakdown in aqueous electrolytes}},
    year = {1997},
    journal = {Journal of Materials Research},
    author = {Srividya, C. and Sunkara, M. and Babu, S. V.},
    number = {8},
    pages = {2099--2103},
    volume = {12},
    isbn = {0143-991X},
    doi = {10.1108/01439910710774386},
    issn = {0143991X},
    keywords = {environmental and safety engineering, robotics, torque}
}

@techreport{Faiz2018,
    title = {{Rhex-All Terrain Robot}},
    year = {2018},
    author = {Faiz, Syed Muhammad and Jamshed, Salman}
}

@article{Altendorfer2001,
    title = {{RHex: A biologically inspired hexapod runner}},
    year = {2001},
    journal = {Autonomous Robots},
    author = {Altendorfer, R. and Moore, N. and Komsuoglu, H. and Buehler, M. and Brown, H. B. and Mcmordie, D. and Saranli, U. and Full, R. and Koditschek, D. E.},
    isbn = {0929-5593},
    doi = {10.1023/A:1012426720699},
    issn = {09295593},
    arxivId = {arXiv:0905.4070v2},
    keywords = {Biomimesis, Cockroach locomotion, Hexapod robot, Hierarchical control, Legged locomotion, Spring loaded inverted pendulum (SLIP), Tripod gait}
}

@article{Saranli2001,
    title = {{RHex: A Simple and Highly Mobile Hexapod Robot}},
    year = {2001},
    journal = {The International Journal of Robotics Research},
    author = {Saranli, Uluc and Buehler, Martin and Koditschek, Daniel E.},
    number = {7},
    month = {7},
    pages = {616--631},
    volume = {20},
    url = {http://journals.sagepub.com/doi/10.1177/02783640122067570},
    isbn = {0278364012},
    doi = {10.1177/02783640122067570},
    issn = {0278-3649},
    keywords = {Autonomy, Biomimesis, Clock driven, Hexapod robot, Legged locomotion, Mobility}
}

@book{Spong,
    title = {{Robot Dynamics and Control, textbook}},
    author = {Spong, Mark W.}
}

@misc{Spong2006,
    title = {{Robot modeling and control}},
    year = {2006},
    booktitle = {IEEE Control Systems},
    author = {Spong, Mark W. and Hutchinson, Seth and Vidyasagar, M.},
    doi = {10.1109/MCS.2006.252815},
    issn = {1066033X}
}

@article{Spong2006a,
    title = {{Robot Modelling and Control Solutions Manual}},
    year = {2006},
    author = {Spong, Mark W. and Hutchinson, Seth and Vidyasagar, M. and Modeling, Robot}
}

@article{Morris2007,
    title = {{Robotic introspection for exploration and mapping of subterranean environments}},
    year = {2007},
    journal = {ProQuest Dissertations and Theses},
    author = {Morris, Aaron Christopher},
    isbn = {9780549500032},
    keywords = {0771:Robots, 0800:Artificial intelligence, Applied sciences, Artificial intelligence, Robotic mapping, Robots, Self-assessment, Subterranean}
}

@article{Luo2017,
    title = {{Robotic tactile perception of object properties: A review}},
    year = {2017},
    journal = {Mechatronics},
    author = {Luo, Shan and Bimbo, Joao and Dahiya, Ravinder and Liu, Hongbin},
    number = {November},
    month = {12},
    pages = {54--67},
    volume = {48},
    publisher = {Elsevier},
    url = {http://dx.doi.org/10.1016/j.mechatronics.2017.11.002 https://linkinghub.elsevier.com/retrieve/pii/S0957415817301575},
    doi = {10.1016/j.mechatronics.2017.11.002},
    issn = {09574158},
    arxivId = {1711.03810},
    keywords = {Object recognition, Robot tactile systems, Sensor fusion, Survey, Tactile sensing}
}

@book{Corke2011,
    title = {{Robotics, Vision and Control}},
    year = {2011},
    booktitle = {Industrial Robot: An International Journal},
    author = {Corke, Peter},
    number = {6},
    month = {10},
    series = {Springer Tracts in Advanced Robotics},
    volume = {73},
    publisher = {Springer Berlin Heidelberg},
    url = {http://www.emeraldinsight.com/doi/10.1108/ir.2012.04939faa.005 http://link.springer.com/10.1007/978-3-642-20144-8},
    address = {Berlin, Heidelberg},
    isbn = {978-3-642-20143-1},
    doi = {10.1007/978-3-642-20144-8}
}

@article{Pagliuca2019,
    title = {{Robust optimization through neuroevolution}},
    year = {2019},
    journal = {PLoS ONE},
    author = {Pagliuca, Paolo and Nolfi, Stefano},
    doi = {10.1371/journal.pone.0213193},
    issn = {19326203}
}

@article{Bjelonic2019,
    title = {{Rolling in the Deep -- Hybrid Locomotion for Wheeled-Legged Robots using Online Trajectory Optimization}},
    year = {2019},
    author = {Bjelonic, Marko and Sankar, Prajish K. and Bellicoso, C. Dario and Vallery, Heike and Hutter, Marco},
    pages = {1--8},
    url = {http://arxiv.org/abs/1909.07193},
    arxivId = {1909.07193}
}

@article{Tan2016,
    title = {{Scorpio: A biomimetic reconfigurable rolling–crawling robot}},
    year = {2016},
    journal = {International Journal of Advanced Robotic Systems},
    author = {Tan, Ning and Mohan, Rajesh Elara and Elangovan, Karthikeyan},
    number = {5},
    month = {9},
    pages = {172988141665818},
    volume = {13},
    url = {http://journals.sagepub.com/doi/10.1177/1729881416658180},
    doi = {10.1177/1729881416658180},
    issn = {1729-8814}
}

@article{Li2009,
    title = {{Sensitive dependence of the motion of a legged robot on granular media}},
    year = {2009},
    journal = {Proceedings of the National Academy of Sciences},
    author = {Li, C. and Umbanhowar, P. B. and Komsuoglu, H. and Koditschek, D. E. and Goldman, D. I.},
    number = {9},
    month = {3},
    pages = {3029--3034},
    volume = {106},
    url = {http://www.pnas.org/cgi/doi/10.1073/pnas.0905342106 http://www.pnas.org/cgi/doi/10.1073/pnas.0809095106},
    doi = {10.1073/pnas.0809095106},
    issn = {0027-8424}
}

@inproceedings{Pereira2017a,
    title = {{Simulation environment for underground flooded mines robotic exploration}},
    year = {2017},
    booktitle = {2017 IEEE International Conference on Autonomous Robot Systems and Competitions, ICARSC 2017},
    author = {Pereira, R. and Rodrigues, J. and Martins, A. and Dias, A. and Almeida, J. and Almeida, C. and Silva, E.},
    isbn = {9781509062331},
    doi = {10.1109/ICARSC.2017.7964095}
}

@inproceedings{Pereira2017,
    title = {{Simulation environment for underground flooded mines robotic exploration}},
    year = {2017},
    booktitle = {2017 IEEE International Conference on Autonomous Robot Systems and Competitions, ICARSC 2017},
    author = {Pereira, R. and Rodrigues, J. and Martins, A. and Dias, A. and Almeida, J. and Almeida, C. and Silva, E.},
    isbn = {9781509062331},
    doi = {10.1109/ICARSC.2017.7964095}
}

@inproceedings{Zhang2017a,
    title = {{SmartCaveDrone: 3D cave mapping using UAVs as robotic co-archaeologists}},
    year = {2017},
    booktitle = {2017 International Conference on Unmanned Aircraft Systems, ICUAS 2017},
    author = {Zhang, Guoxiang and Shang, Bo and Chen, Yangquan and Moyes, Holley},
    isbn = {9781509044948},
    doi = {10.1109/ICUAS.2017.7991499}
}

@article{Bouaziz2013,
    title = {{Sparse iterative closest point}},
    year = {2013},
    journal = {Eurographics Symposium on Geometry Processing},
    author = {Bouaziz, Sofien and Tagliasacchi, Andrea and Pauly, Mark},
    number = {5},
    month = {8},
    pages = {113--123},
    volume = {32},
    url = {http://onlinelibrary.wiley.com/doi/10.1111/cgf.12178/full%5Cnpapers2://publication/uuid/0D492ED3-7BF3-4AF3-8728-76231E17F065 http://doi.wiley.com/10.1111/cgf.12178},
    isbn = {01677055},
    doi = {10.1111/cgf.12178},
    issn = {17278384}
}

@inproceedings{SangbaeKim2005,
    title = {{SpinybotII: climbing hard walls with compliant microspines}},
    year = {2005},
    author = {{Sangbae Kim} and Asbeck, A.T. and Cutkosky, M.R. and Provancher, W.R.},
    doi = {10.1109/.2005.1507470}
}

@book{Kacprzyk2015,
    title = {{Springer Handbook of Computational Intelligence}},
    year = {2015},
    booktitle = {Springer Handbook of Computational Intelligence},
    author = {Kacprzyk, Janusz and Pedrycz, Witold},
    editor = {Kacprzyk, Janusz and Pedrycz, Witold},
    publisher = {Springer Berlin Heidelberg},
    url = {http://link.springer.com/10.1007/978-3-662-43505-2},
    address = {Berlin, Heidelberg},
    isbn = {978-3-662-43504-5},
    doi = {10.1007/978-3-662-43505-2}
}

@article{Tai2005,
    title = {{Structural topology optimization using a genetic algorithm with a morphological geometric representation scheme}},
    year = {2005},
    journal = {Structural and Multidisciplinary Optimization},
    author = {Tai, K. and Akhtar, S.},
    number = {2},
    month = {8},
    pages = {113--127},
    volume = {30},
    url = {http://link.springer.com/10.1007/s00158-004-0504-y},
    isbn = {9789881925299},
    doi = {10.1007/s00158-004-0504-y},
    issn = {1615-147X},
    keywords = {Index Terms-Genetic algorithm, reducing design space, topology optimization, weak ground structure}
}

@incollection{Wei2009,
    title = {{Study on Mine Rescue Robot System}},
    year = {2009},
    author = {Wei, Juan and Ma, Hong-wei},
    pages = {1065--1072},
    url = {http://link.springer.com/10.1007/978-3-642-10817-4_104},
    doi = {10.1007/978-3-642-10817-4{\_}104}
}

@article{Martz2020,
    title = {{Survey of unmanned subterranean exploration, navigation, and localisation}},
    year = {2020},
    journal = {IET Cyber-Systems and Robotics},
    author = {Martz, Jeffrey and Al-Sabban, Wesam and Smith, Ryan N.},
    number = {1},
    month = {3},
    pages = {1--13},
    volume = {2},
    url = {https://digital-library.theiet.org/content/journals/10.1049/iet-csr.2019.0043},
    doi = {10.1049/iet-csr.2019.0043},
    issn = {2631-6315}
}

@incollection{Mazzapioda2006,
    title = {{Synchronization and Gait Adaptation in Evolving Hexapod Robots}},
    year = {2006},
    author = {Mazzapioda, Mariagiovanna and Nolfi, Stefano},
    pages = {113--125},
    url = {http://link.springer.com/10.1007/11840541_10},
    doi = {10.1007/11840541{\_}10}
}

@article{Wu2020,
    title = {{Tactile Sensing and Terrain-Based Gait Control for Small Legged Robots}},
    year = {2020},
    journal = {IEEE Transactions on Robotics},
    author = {Wu, X. Alice and Huh, Tae Myung and Sabin, Aaron and Suresh, Srinivasan A. and Cutkosky, Mark R.},
    number = {1},
    month = {2},
    pages = {15--27},
    volume = {36},
    publisher = {IEEE},
    url = {https://ieeexplore.ieee.org/document/8823987/},
    doi = {10.1109/TRO.2019.2935336},
    issn = {1552-3098},
    keywords = {Adaptive gait control, force and tactile sensing, legged robots, sensor-based control, terrain classification}
}

@article{Huet2017,
    title = {{Tactile Sensing with Whiskers of Various Shapes: Determining the Three-Dimensional Location of Object Contact Based on Mechanical Signals at the Whisker Base}},
    year = {2017},
    journal = {Soft Robotics},
    author = {Huet, Lucie A. and Rudnicki, John W. and Hartmann, Mitra J.Z.},
    number = {2},
    month = {6},
    pages = {88--102},
    volume = {4},
    url = {https://www.liebertpub.com/doi/10.1089/soro.2016.0028},
    doi = {10.1089/soro.2016.0028},
    issn = {2169-5172},
    keywords = {biomimetic robots, morphological computation, physical simulation, soft sensing, trigeminal, vibrissa}
}

@inproceedings{Sayginer2009,
    title = {{Task oriented kinematic analysis for a legged robot with half-circular leg morphology}},
    year = {2009},
    booktitle = {2009 IEEE International Conference on Robotics and Automation},
    author = {Sayginer, Ege and Akbey, Tulay and Yazicioglu, Yigit and Saranli, Afsar},
    month = {5},
    pages = {4088--4093},
    publisher = {IEEE},
    url = {http://ieeexplore.ieee.org/document/5152461/},
    isbn = {978-1-4244-2788-8},
    doi = {10.1109/ROBOT.2009.5152461},
    issn = {10504729}
}

@inproceedings{Walas2016,
    title = {{Terrain classification and locomotion parameters adaptation for humanoid robots using force/torque sensing}},
    year = {2016},
    booktitle = {2016 IEEE-RAS 16th International Conference on Humanoid Robots (Humanoids)},
    author = {Walas, Krzysztof and Kanoulas, Dimitrios and Kryczka, Przemyslaw},
    month = {11},
    pages = {133--140},
    publisher = {IEEE},
    url = {http://ieeexplore.ieee.org/document/7803265/},
    isbn = {978-1-5090-4718-5},
    doi = {10.1109/HUMANOIDS.2016.7803265},
    issn = {21640580}
}

@techreport{Chou2017,
    title = {{Terrain classification using 3D optical tactile sensor}},
    year = {2017},
    author = {Chou, Jiader}
}

@article{Khaleghian2017,
    title = {{Terrain classification using intelligent tire}},
    year = {2017},
    journal = {Journal of Terramechanics},
    author = {Khaleghian, Seyedmeysam and Taheri, Saied},
    month = {6},
    pages = {15--24},
    volume = {71},
    publisher = {ISTVS},
    url = {http://dx.doi.org/10.1016/j.jterra.2017.01.005 https://linkinghub.elsevier.com/retrieve/pii/S0022489817300125},
    doi = {10.1016/j.jterra.2017.01.005},
    issn = {00224898},
    keywords = {Fuzzy logic algorithm, Intelligent tire, Terrain classification, Wheeled ground robot}
}

@misc{Chhaniyara2012,
    title = {{Terrain trafficability analysis and soil mechanical property identification for planetary rovers: A survey}},
    year = {2012},
    booktitle = {Journal of Terramechanics},
    author = {Chhaniyara, S. and Brunskill, C. and Yeomans, B. and Matthews, M. C. and Saaj, C. and Ransom, S. and Richter, L.},
    doi = {10.1016/j.jterra.2012.01.001},
    issn = {00224898},
    keywords = {Autonomy, Mobile robotic platforms, Mobility, Planetary exploration, Sensors, Terrain characterisation, Trafficability}
}

@inproceedings{Qian2015,
    title = {{The dynamics of legged locomotion in heterogeneous terrain: universality in scattering and sensitivity to initial conditions}},
    year = {2015},
    booktitle = {Robotics: Science and Systems XI},
    author = {Qian, Feifei and Goldman, Daniel},
    month = {7},
    publisher = {Robotics: Science and Systems Foundation},
    url = {http://www.roboticsproceedings.org/rss11/p30.pdf},
    isbn = {9780992374716},
    doi = {10.15607/RSS.2015.XI.030}
}

@article{Borenstein2007,
    title = {{The OmniTread OT-4 serpentine robot - Design and performance}},
    year = {2007},
    journal = {Journal of Field Robotics},
    author = {Borenstein, Johann and Hansen, Malik and Borrell, Adam},
    doi = {10.1002/rob.20196},
    issn = {15564959}
}

@article{Lynch2019,
    title = {{The Soft Landing Problem: Minimizing Energy Loss by a Legged Robot Impacting Yielding Terrain}},
    year = {2019},
    author = {Lynch, Daniel J. and Lynch, Kevin M. and Umbanhowar, Paul B.},
    month = {9},
    url = {http://arxiv.org/abs/1909.05790},
    arxivId = {1909.05790}
}

@article{Mostyn2018,
    title = {{The synthesis of a segmented stair-climbing wheel}},
    year = {2018},
    journal = {International Journal of Advanced Robotic Systems},
    author = {Mostyn, Vladimir and Krys, Vaclav and Kot, Tomas and Bobovsky, Zdenko and Novak, Petr},
    isbn = {2004108045},
    doi = {10.1177/1729881417749470},
    issn = {17298814},
    keywords = {Conceptual design, Locomotion, Mechanism design, Mobile robot, Stair-climbing wheel}
}

@article{Bai2019,
    title = {{Three-Dimensional Vibration-Based Terrain Classification for Mobile Robots}},
    year = {2019},
    journal = {IEEE Access},
    author = {Bai, Chengchao and Guo, Jifeng and Zheng, Hongxing},
    pages = {63485--63492},
    volume = {7},
    publisher = {IEEE},
    url = {https://ieeexplore.ieee.org/document/8713978/},
    doi = {10.1109/ACCESS.2019.2916480},
    issn = {2169-3536},
    keywords = {BP artificial neural network, rover, terrain classification, vibration}
}

@inproceedings{Johnson2013,
    title = {{Toward a vocabulary of legged leaping}},
    year = {2013},
    booktitle = {2013 IEEE International Conference on Robotics and Automation},
    author = {Johnson, Aaron M. and Koditschek, D. E.},
    month = {5},
    pages = {2568--2575},
    publisher = {IEEE},
    url = {http://ieeexplore.ieee.org/document/6630928/},
    isbn = {978-1-4673-5643-5},
    doi = {10.1109/ICRA.2013.6630928},
    issn = {10504729}
}

@inproceedings{Topping2016,
    title = {{Towards bipedal behavior on a quadrupedal platform using optimal control}},
    year = {2016},
    booktitle = {Unmanned Systems Technology XVIII},
    author = {Topping, T. Turner and Vasilopoulos, Vasileios and De, Avik and Koditschek, Daniel E.},
    doi = {10.1117/12.2231103}
}

@inproceedings{Topping2016a,
    title = {{Towards bipedal behavior on a quadrupedal platform using optimal control}},
    year = {2016},
    booktitle = {Unmanned Systems Technology XVIII},
    author = {Topping, T. Turner and Vasilopoulos, Vasileios and De, Avik and Koditschek, Daniel E.},
    doi = {10.1117/12.2231103}
}

@inproceedings{Fairfield2006,
    title = {{Towards particle filter SLAM with three dimensional evidence grids in a flooded subterranean environment}},
    year = {2006},
    booktitle = {Proceedings - IEEE International Conference on Robotics and Automation},
    author = {Fairfield, Nathaniel and Kantor, George and Wettergreen, David},
    isbn = {0780395069},
    doi = {10.1109/ROBOT.2006.1642248},
    issn = {10504729}
}

@article{DeViragh2019,
    title = {{Trajectory optimization for wheeled-legged quadrupedal robots using linearized ZMP constraints}},
    year = {2019},
    journal = {IEEE Robotics and Automation Letters},
    author = {De Viragh, Yvain and Bjelonic, Marko and Bellicoso, C. Dario and Jenelten, Fabian and Hutter, Marco},
    doi = {10.1109/LRA.2019.2896721},
    issn = {23773766},
    keywords = {Legged robots, motion and path planning, optimization and optimal control, wheeled robots}
}

@inproceedings{Chen2011,
    title = {{Trajectory planning for stair climbing in the leg-wheel hybrid mobile robot quattroped}},
    year = {2011},
    booktitle = {2011 IEEE International Conference on Robotics and Automation},
    author = {{Shen-Chiang Chen} and {Ke Jung Huang} and {Cheng-Hsin Li} and {Pei-Chun Lin}},
    month = {5},
    pages = {1229--1234},
    publisher = {IEEE},
    url = {http://ieeexplore.ieee.org/document/5980091/},
    isbn = {978-1-61284-386-5},
    doi = {10.1109/ICRA.2011.5980091},
    issn = {10504729}
}

@article{Chen2017,
    title = {{TurboQuad: A Novel Leg–Wheel Transformable Robot With Smooth and Fast Behavioral Transitions}},
    year = {2017},
    journal = {IEEE Transactions on Robotics},
    author = {Chen, Wei-Hsi and Lin, Hung-Sheng and Lin, Yun-Meng and Lin, Pei-Chun},
    number = {5},
    month = {10},
    pages = {1025--1040},
    volume = {33},
    url = {http://ieeexplore.ieee.org/document/7932521/},
    doi = {10.1109/TRO.2017.2696022},
    issn = {1552-3098},
    keywords = {Central pattern generator (CPG), coupled oscillator network, gait transition, leg-wheel mechanism, quadruped, transformable robot}
}

@inproceedings{Meng-ChunLin2008,
    title = {{Two-step windowing technique for wide range motion estimation}},
    year = {2008},
    booktitle = {APCCAS 2008 - 2008 IEEE Asia Pacific Conference on Circuits and Systems},
    author = {{Meng-Chun Lin} and {Lan-Rong Dung}},
    month = {11},
    pages = {1478--1481},
    volume = {1},
    publisher = {IEEE},
    url = {http://ieeexplore.ieee.org/lpdocs/epic03/wrapper.htm?arnumber=4746311},
    isbn = {978-1-4244-2341-5},
    doi = {10.1109/APCCAS.2008.4746311},
    keywords = {motion estimation}
}

@article{Chen2010,
    title = {{UAV-guided navigation for ground robot tele-operation in a military reconnaissance environment}},
    year = {2010},
    journal = {Ergonomics},
    author = {Chen, Jessie Y.C.},
    doi = {10.1080/00140139.2010.500404},
    issn = {00140139},
    keywords = {Human-robot interaction, Military, Navigation, Spatial ability, UAV, UGV}
}

@inproceedings{Cantelli2013,
    title = {{UAV/UGV cooperation for surveying operations in humanitarian demining}},
    year = {2013},
    booktitle = {2013 IEEE International Symposium on Safety, Security, and Rescue Robotics, SSRR 2013},
    author = {Cantelli, L. and Mangiameli, M. and Melita, C. D. and Muscato, G.},
    isbn = {9781479908806},
    doi = {10.1109/SSRR.2013.6719363},
    keywords = {GIS, Robot cooperation, UAV, UGV, Vision tracking}
}

@inproceedings{SeungpyoHong2010,
    title = {{VICP: Velocity updating iterative closest point algorithm}},
    year = {2010},
    booktitle = {2010 IEEE International Conference on Robotics and Automation},
    author = {{Seungpyo Hong} and {Heedong Ko} and {Jinwook Kim}},
    number = {Section 3},
    month = {5},
    pages = {1893--1898},
    volume = {7},
    publisher = {IEEE},
    url = {http://ieeexplore.ieee.org/document/5509312/},
    isbn = {978-1-4244-5038-1},
    doi = {10.1109/ROBOT.2010.5509312},
    issn = {10504729},
    pmid = {281730}
}

@article{Liang2004,
    title = {{Video stabilization for a camcorder mounted on a moving vehicle}},
    year = {2004},
    journal = {IEEE Transactions on Vehicular Technology},
    author = {Liang, Yu Ming and Tyan, Hsiao Rong and Chang, Shyang Lih and Liao, Hong Yuan Mark and Chen, Sei Wang},
    number = {6},
    pages = {1636--1648},
    volume = {53},
    isbn = {0018-9545},
    doi = {10.1109/TVT.2004.836923},
    issn = {00189545},
    keywords = {Image compensation, In-vehicle vision systems, Intelligent transportation systems (ITS), Motion estimation, Motion taxonomy, Video stabilization}
}

@article{Dong2017,
    title = {{Video Stabilization for Strict Real-Time Applications}},
    year = {2017},
    journal = {IEEE Transactions on Circuits and Systems for Video Technology},
    author = {Dong, Jing and Liu, Haibo},
    number = {4},
    month = {4},
    pages = {716--724},
    volume = {27},
    url = {http://ieeexplore.ieee.org/document/7508986/},
    doi = {10.1109/TCSVT.2016.2589860},
    issn = {1051-8215},
    keywords = {Frame orbits, Kalman filter, mosaic, motion estimation, normalized cross correlation (NCC), optical flow, video stabilization}
}

@article{Dong2017b,
    title = {{Video Stabilization for Strict Real-Time Applications}},
    year = {2017},
    journal = {IEEE Transactions on Circuits and Systems for Video Technology},
    author = {Dong, Jing and Liu, Haibo},
    number = {4},
    month = {4},
    pages = {716--724},
    volume = {27},
    url = {http://ieeexplore.ieee.org/document/7508986/},
    doi = {10.1109/TCSVT.2016.2589860},
    issn = {10518215},
    keywords = {Frame orbits, Kalman filter, mosaic, motion estimation, normalized cross correlation (NCC), optical flow, video stabilization}
}

@article{Scaramuzza2014,
    title = {{Vision-Controlled Micro Flying Robots}},
    year = {2014},
    journal = {Robotics {\&} Automation Magazine, IEEE},
    author = {Scaramuzza, By Davide and Achtelik, Michael C and Doitsidis, Lefteris and Fraundorfer, Friedrich and Kosmatopoulos, Elias and Martinelli, Agostino and Achtelik, Markus W and Chli, Margarita and Chatzichristofis, Savvas and Kneip, Laurent and Gurdan, Daniel and Heng, Lionel and Lee, Gim Hee and Lynen, Simon and Meier, Lorenz and Pollefeys, Marc and Renzaglia, Alessandro and Siegwart, Roland and Stumpf, Jan Carsten and Tanskanen, Petri and Troiani, Chiara and Weiss, Stephan},
    keywords = {Autonomous microhelicopters, GPS-denied environment, SFLY project, autonomous mapping, autonomous navigation}
}

@inproceedings{Nagakubo1994,
    title = {{Walking and running of the quadruped wall-climbing robot}},
    year = {1994},
    booktitle = {Proceedings - IEEE International Conference on Robotics and Automation},
    author = {Nagakubo, Akihiko and Hirose, Shigeo},
    isbn = {0818653329},
    doi = {10.1109/robot.1994.351225},
    issn = {10504729}
}

@article{Buchanan2019,
    title = {{Walking Posture Adaptation for Legged Robot Navigation in Confined Spaces}},
    year = {2019},
    journal = {IEEE Robotics and Automation Letters},
    author = {Buchanan, Russell and Bandyopadhyay, Tirthankar and Bjelonic, Marko and Wellhausen, Lorenz and Hutter, Marco and Kottege, Navinda},
    doi = {10.1109/LRA.2019.2899664},
    issn = {23773766},
    arxivId = {1901.10863},
    keywords = {Legged Robots, Motion Control}
}

@inproceedings{Radulescu2017,
    title = {{Whole-body trajectory optimization for non-periodic dynamic motions on quadrupedal systems}},
    year = {2017},
    booktitle = {Proceedings - IEEE International Conference on Robotics and Automation},
    author = {Radulescu, Andreea and Havoutis, Ioannis and Caldwell, Darwin G. and Semini, Claudio},
    isbn = {9781509046331},
    doi = {10.1109/ICRA.2017.7989623},
    issn = {10504729},
    keywords = {multi-legged systems, non-periodic movements, optimization, parametrized policy, posture recovery, quadruped, switching contacts, whole-body trajectory}
}

@article{Galloway2010,
    title = {{X-RHex: A Highly Mobile Hexapedal Robot for Sensorimotor Tasks}},
    year = {2010},
    journal = {Technical Reports (ESE)},
    author = {Galloway, Kevin and Haynes, Galen and Ilhan, B. Deniz and Johnson, Aaron and Knopf, Ryan and Lynch, Goran and Plotnick, Benjamin and White, Mackenzie and Koditschek, Daniel}
}

@book{1960,
    title = {{Карст}},
    year = {1960},
    author = {Максимович, Г. А.}
}

@article{2019,
    title = {{Об управлении движением механических систем с избыточным числом управляющих воздействий}},
    year = {2019},
    journal = {Известия Российской академии наук. Теория и системы управления},
    author = {Брискин, Е. С. and Шаронов, Н. Г.},
    doi = {10.1134/s0002338819030053},
    issn = {0002-3388}
}

@article{2014,
    title = {{Об управлении движением шагающей машины со сдвоенными ортогонально-поворотными движителями}},
    year = {2014},
    journal = {Известия Российской академии наук. Теория и системы управления},
    author = {Брискин, Е. С. and Вершинина, И. П. and Малолетов, А. В. and Шаронов, Н. Г.},
    doi = {10.7868/s0002338814020036},
    issn = {0002-3388}
}

@article{2014a,
    title = {{Об управлении движением шагающей машины со сдвоенными ортогонально-поворотными движителями}},
    year = {2014},
    journal = {Известия Российской академии наук. Теория и системы управления},
    author = {Брискин, Е. С. and Вершинина, И. П. and Малолетов, А. В. and Шаронов, Н. Г.},
    doi = {10.7868/s0002338814020036},
    issn = {0002-3388}
}

@book{1969,
    title = {{Основы Карстоведения Том 2}},
    year = {1969},
    author = {Максимович, Г. А.}
}

@book{1963,
    title = {{Основы карстоведения: Том I. Вопросы морфологии карста, спелеологии и гидрогеологии карста}},
    year = {1963},
    author = {Максимович, ГА},
    publisher = {Пермское книжное издательство}
}

@book{1971,
    title = {{Пещеры Урала}},
    year = {1971},
    author = {Максимович, Г. А. and Лобанов, Ю. Е.}
}

@article{1984,
    title = {{Робототехника}},
    year = {1984},
    journal = {М.: Машиностроение},
    author = {Андрианов, Ю Д and Бобриков, Э П and Гончаренко, В Н and {others}}
}

@article{2013,
    title = {{Сенсорные системы в робототехнике}},
    year = {2013},
    journal = {Режим доступа: http://www. rtc. ru/images/docs/book/Yurevich{\_}Sensornye{\_}sistemy{\_}v{\_}robototehnikem. pdf},
    author = {Юревич, Е И}
}

@article{2015,
    title = {{Очувствление робототехнических систем, методика распознавания поверхности}},
    year = {2015},
    author = {Рядчиков, И.В and Мамелин, Ю.В},
    number = {13},
    pages = {85--87},
    volume = {4},
    keywords = {ccd, cis atmega328, robotics, sensitizing, автономные роботы приходят на, армии, вооружение, время автоматизации и, выполняют тяжелую работу по, прогресса, разбору завалов, современное время - это}
}

@inproceedings{sokolov2017analysis,
  title={Analysis of ROS-based Visual and Lidar Odometry for a Teleoperated Crawler-type Robot in indoor environment},
  author={Sokolov, Maxim and Bulichev, Oleg and Afanasyev, Ilya},
  booktitle={Proc. Int. Conf. on Informatics in Control, Automation and Robotics (ICINCO)},
  year={2017}
}

@inproceedings{bulichev2017optimization,
  title={Optimization of centipede robot body designs through evolutionary algorithms and multiple rough terrains simulation},
  author={Bulichev, Oleg and Klimchik, Alexandr and Mavridis, Nikolaos},
  booktitle={Robotics and Biomimetics (ROBIO), 2017 IEEE International Conference on},
  pages={290--295},
  year={2017},
  organization={IEEE}
}

@article{altendorfer2001rhex,
  title={Rhex: A biologically inspired hexapod runner},
  author={Altendorfer, Richard and Moore, Ned and Komsuoglu, Haldun and Buehler, Martin and Brown, HB and McMordie, Dave and Saranli, Uluc and Full, Robert and Koditschek, Daniel E},
  journal={Autonomous Robots},
  volume={11},
  number={3},
  pages={207--213},
  year={2001},
  publisher={Springer}
}

@article{miller2008extreme,
  title={Extreme Makeover for a Heian-Era Wizard},
  author={Miller, Laura},
  journal={Mechademia},
  volume={3},
  number={1},
  pages={30--45},
  year={2008},
  publisher={University of Minnesota Press}
}

@article{chen2014quattroped,
  title={Quattroped: A Leg--Wheel Transformable Robot},
  author={Chen, Shen-Chiang and Huang, Ke-Jung and Chen, Wei-Hsi and Shen, Shuan-Yu and Li, Cheng-Hsin and Lin, Pei-Chun},
  journal={IEEE/ASME Transactions On Mechatronics},
  volume={19},
  number={2},
  pages={730--742},
  year={2014},
  publisher={IEEE}
}

@article{chen2017turboquad,
  title={TurboQuad: A Novel Leg--Wheel Transformable Robot With Smooth and Fast Behavioral Transitions},
  author={Chen, Wei-Hsi and Lin, Hung-Sheng and Lin, Yun-Meng and Lin, Pei-Chun},
  journal={IEEE Transactions on Robotics},
  volume={33},
  number={5},
  pages={1025--1040},
  year={2017},
  publisher={IEEE}
}

@inproceedings{schroer2004comparing,
  title={Comparing cockroach and Whegs robot body motions},
  author={Schroer, Robert T and Boggess, Matthew J and Bachmann, Richard J and Quinn, Roger D and Ritzmann, Roy E},
  booktitle={Robotics and Automation, 2004. Proceedings. ICRA'04. 2004 IEEE International Conference on},
  volume={4},
  pages={3288--3293},
  year={2004},
  organization={IEEE}
}

@article{saranli2001rhex,
  title={Rhex: A simple and highly mobile hexapod robot},
  author={Saranli, Uluc and Buehler, Martin and Koditschek, Daniel E},
  journal={The International Journal of Robotics Research},
  volume={20},
  number={7},
  pages={616--631},
  year={2001},
  publisher={SAGE Publications}
}

@article{feng2015optimization,
  title={Optimization-based Full Body Control for the DARPA Robotics Challenge},
  author={Feng, Siyuan and Whitman, Eric and Xinjilefu, X and Atkeson, Christopher G},
  journal={Journal of Field Robotics},
  volume={32},
  number={2},
  pages={293--312},
  year={2015},
  publisher={Wiley Online Library}
}

@article{sancho2010survey,
  title={A survey on terrain assessment techniques for autonomous operation of planetary robots},
  author={Sancho-Pradel, Dario L and Gao, Yang},
  journal={JBIS-Journal of the British Interplanetary Society},
  volume={63},
  number={5-6},
  pages={206--217},
  year={2010}
}

@inproceedings{howard2000real,
  title={Real-time assessment of terrain traversability for autonomous rover navigation},
  author={Howard, Ayanna and Seraji, Homayoun},
  booktitle={Intelligent Robots and Systems, 2000.(IROS 2000). Proceedings. 2000 IEEE/RSJ International Conference on},
  volume={1},
  pages={58--63},
  year={2000},
  organization={IEEE}
}

@inproceedings{siska2004advanced,
  title={Advanced digital terrain analysis using roughness-dissectivity parameters in GIS},
  author={Siska, Peter P and Hung, I-Kuai},
  booktitle={Esri international user conference},
  pages={1--10},
  year={2004}
}

@article{kawamura2002truss,
  title={Truss topology optimization by a modified genetic algorithm},
  author={Kawamura, H and Ohmori, H and Kito, N},
  journal={Structural and Multidisciplinary Optimization},
  volume={23},
  number={6},
  pages={467--473},
  year={2002},
  publisher={Springer}
}

@inproceedings{kuo2013development,
  title={Development of humanoid robot simulator for gait learning by using particle swarm optimization},
  author={Kuo, Ping-Huan and Ho, Ya-Fang and Lee, Kai-Fan and Tai, Li-Heng and Li, Tzuu-Hseng S},
  booktitle={Systems, Man, and Cybernetics (SMC), 2013 IEEE International Conference on},
  pages={2683--2688},
  year={2013},
  organization={IEEE}
}

@inproceedings{berezhnoy2017real,
  title={Real-world large-step stair-climbing for small humanoids using evolutionary computation},
  author={Berezhnoy, V and Klimchik, A and Mavridis, N},
  booktitle={Intelligent Systems Conference (IntelliSys), 2017},
  pages={1010--1018},
  year={2017},
  organization={IEEE}
}

@phdthesis{moore2002leg,
  title={Leg design and stair climbing control for the rhex robotic hexapod},
  author={Moore, Edward Z},
  year={2002},
  school={McGill University Libraries}
}

@article{nogueira2014comparative,
  title={Comparative analysis between gazebo and v-rep robotic simulators},
  author={Nogueira, Lucas},
  journal={Seminario Interno de Cognicao Artificial-SICA 2014},
  pages={5},
  year={2014}
}

@article{fortin2012deap,
  title={DEAP: Evolutionary algorithms made easy},
  author={Fortin, F{\'e}lix-Antoine and Rainville, Fran{\c{c}}ois-Michel De and Gardner, Marc-Andr{\'e} and Parizeau, Marc and Gagn{\'e}, Christian},
  journal={Journal of Machine Learning Research},
  volume={13},
  number={Jul},
  pages={2171--2175},
  year={2012}
}

@inproceedings{grundmann2011auto,
  title={Auto-directed video stabilization with robust l1 optimal camera paths},
  author={Grundmann, Matthias and Kwatra, Vivek and Essa, Irfan},
  booktitle={Computer Vision and Pattern Recognition (CVPR), 2011 IEEE Conference on},
  pages={225--232},
  year={2011},
  organization={IEEE}
}

@article{aguilar2016real,
  title={Real-time model-based video stabilization for microaerial vehicles},
  author={Aguilar, Wilbert G and Angulo, Cecilio},
  journal={Neural processing letters},
  volume={43},
  number={2},
  pages={459--477},
  year={2016},
  publisher={Springer}
}

@article{dong2017video,
  title={Video stabilization for strict real-time applications},
  author={Dong, Jing and Liu, Haibo},
  journal={IEEE Transactions on Circuits and Systems for Video Technology},
  volume={27},
  number={4},
  pages={716--724},
  year={2017},
  publisher={IEEE}
}

@article{hu2018real,
  title={Real-time video stabilization for fast-moving vehicle cameras},
  author={Hu, Wu-Chih and Chen, Chao-Ho and Chen, Tsong-Yi and Peng, Min-Yang and Su, Yi-Jen},
  journal={Multimedia Tools and Applications},
  volume={77},
  number={1},
  pages={1237--1260},
  year={2018},
  publisher={Springer}
}

@article{li2017real,
  title={Real-time feature-based video stabilization on FPGA},
  author={Li, Jianan and Xu, Tingfa and Zhang, Kun},
  journal={IEEE Transactions on Circuits and Systems for Video Technology},
  volume={27},
  number={4},
  pages={907--919},
  year={2017},
  publisher={IEEE}
}

@article{matsushita2006full,
  title={Full-frame video stabilization with motion inpainting},
  author={Matsushita, Yasuyuki and Ofek, Eyal and Ge, Weina and Tang, Xiaoou and Shum, Heung-Yeung},
  journal={IEEE Transactions on pattern analysis and Machine Intelligence},
  volume={28},
  number={7},
  pages={1150--1163},
  year={2006},
  publisher={IEEE}
}

@inproceedings{windau2011multilayer,
  title={Multilayer real-time video image stabilization},
  author={Windau, Jens and Itti, Laurent},
  booktitle={Intelligent Robots and Systems (IROS), 2011 IEEE/RSJ International Conference on},
  pages={2397--2402},
  year={2011},
  organization={IEEE}
}

@inproceedings{chen2015video,
  title={Video stabilization for fast moving camera based on feature point classification},
  author={Chen, Chao-Ho and Chen, Tsong-Yi and Hu, Wu-Chih and Peng, Min-Yang},
  booktitle={Robot, Vision and Signal Processing (RVSP), 2015 Third International Conference on},
  pages={10--13},
  year={2015},
  organization={IEEE}
}

@inproceedings{battiato2007sift,
  title={SIFT features tracking for video stabilization},
  author={Battiato, Sebastiano and Gallo, Giovanni and Puglisi, Giovanni and Scellato, Salvatore},
  booktitle={Image Analysis and Processing, 2007. ICIAP 2007. 14th International Conference on},
  pages={825--830},
  year={2007},
  organization={IEEE}
}

@inproceedings{dimov2014real,
  title={Real time video stabilization for handheld devices},
  author={Dimov, Dimo and Nikolov, Atanas},
  booktitle={Proceedings of the 15th International Conference on Computer Systems and Technologies},
  pages={124--133},
  year={2014},
  organization={ACM}
}

@article{kendoul2012survey,
  title={Survey of advances in guidance, navigation, and control of unmanned rotorcraft systems},
  author={Kendoul, Farid},
  journal={Journal of Field Robotics},
  volume={29},
  number={2},
  pages={315--378},
  year={2012},
  publisher={Wiley Online Library}
}

@article{galloway2010x,
  title={X-RHex: A highly mobile hexapedal robot for sensorimotor tasks},
  author={Galloway, Kevin C and Haynes, Galen Clark and Ilhan, B Deniz and Johnson, Aaron M and Knopf, Ryan and Lynch, Goran A and Plotnick, Benjamin N and White, Mackenzie and Koditschek, Daniel E},
  year={2010}
}

@incollection{kuhn2010development,
  title={Development of passive spine and actuated rear foot for an ape-like robot},
  author={K{\"U}HN, DANIEL and BERNHARD, FELIX and GRIMMINGER, FELIX and SIMON, SVEN and KIRCHNER, FRANK},
  booktitle={Emerging Trends In Mobile Robotics},
  pages={237--244},
  year={2010},
  publisher={World Scientific}
}

@article{Yachun2010,
  title={Виброробот для вертикального движения по металлической шероховатой поверхности},
  author={Яцун, СФ and Локтионова, ОГ and Черепанов, АА and Рублев, СБ},
  journal={Известия Самарского научного центра Российской академии наук},
  volume={12},
  number={4-3},
  year={2010},
  publisher={Федеральное государственное бюджетное учреждение науки Самарский научный центр Российской академии наук}
}

@incollection{peters2010prototype,
  title={A prototype climbing robot for inspection of complex ferrous structures},
  author={Peters, G and Pagano, D and Liu, DK and Waldron, K},
  booktitle={Emerging Trends In Mobile Robotics},
  pages={150--156},
  year={2010},
  publisher={World Scientific}
}

@article{Grad2014,
  title={Состояние и перспективы развития роботов вертикального перемещения для экстремальных сред},
  author={Градецкий, ВГ and Князьков, ММ},
  journal={Робототехника и техническая кибернетика},
  number={1},
  pages={9--16},
  year={2014},
  publisher={федеральное государственное автономное научное учреждение Центральный научно-исследовательский и опытно-конструкторский институт робототехники и технической кибернетики}
}

@article{Pavl2013,
  title={О разработках шагающих машин},
  author={Павловский, Владимир Евгеньевич},
  journal={Препринты Института прикладной математики им. МВ Келдыша РАН},
  number={0},
  pages={101--32},
  year={2013},
  publisher={Институт прикладной математики им. МВ Келдыша РАН}
}

@article{Bel1984,
  title={ДВУНОГАЯ ХОДЬБА МОДЕЛЬНЫЕ ЗАДАЧИ ДИНАМИКИ И УПРАВЛЕНИЯ},
  author={Белецкий, Владимир Васильевич},
  year={1984}
}

@article{Brisk2009,
  title={Динамика и управление движением шагающих машин с цикловыми движителями},
  author={Брискин, Евгений Самуилович and Жога, Виктор Викторович and Чернышев, Вадим Викторович and Малолетов, Александр Васильевич},
  journal={М.: Машиностроение},
  pages={192},
  year={2009}
}

@article{Ohom1984,
  title={Механика и управление движением автоматического шагающего аппарата},
  author={Охоцимский, Дмитрий Евгеньевич},
  year={1984},
  publisher={Москва}
}

@article{Brisk2011,
  title={Синтез циклового шагающего механизма с направляющей и критерии его оценки},
  author={Брискин, Евгений Самуилович and Леонард, Александр Валерьевич and Малолетов, Александр Васильевич},
  journal={Теория механизмов и машин},
  volume={9},
  number={1},
  pages={14--24},
  year={2011},
  publisher={Федеральное государственное автономное образовательное учреждение высшего образования" Санкт-Петербургский политехнический университет Петра Великого"}
}

@article{Petr1986,
  title={К задаче организации движения опорных звеньев многоногих шагающих машин},
  author={Петриашвили, БД and Маргвелашвили, ВО and Билашвили, МА},
  year={1986}
}

@incollection{bidgoly2010learning,
  title={Learning approach to study effect of flexible spine on running behavior of a quadruped robot},
  author={BIDGOLY, H JALALY and VAFAEI, ALALEH and Sadeghi, A and AHMADABADI, M NILI},
  booktitle={Emerging Trends In Mobile Robotics},
  pages={1195--1201},
  year={2010},
  publisher={World Scientific}
}

@inproceedings{germann2001joystick,
  title={Joystick force feedback based on proximity to the linearised workspace of the four-legged robot ALDURO},
  author={Germann, Daniel and Bruckmann, Tobias and Hiller, Manfred},
  booktitle={Proceedings Fourth International Conference on Climbing and Walking Robots CLAWAR2001. Karlsruhe, Germany},
  year={2001},
  organization={Citeseer}
}

@article{Volkova2013modeling,
  title={Моделирование движения многозвенного прыгающего робота и исследование его характеристик},
  author={Волкова, ЛЮ and Яцун, СФ},
  journal={Известия Российской академии наук. Теория и системы управления},
  number={4},
  pages={137--137},
  year={2013},
  publisher={Федеральное государственное унитарное предприятие" Академический научно-издательский, производственно-полиграфический и книгораспространительский центр" Наука"}
}

@inproceedings{cruse2001control,
  title={Control of hexapod walking-a decentralized solution based on biological data},
  author={Cruse, H and Dean, J and D{\"u}rr, V and Kindermann, Th and Schmitz, J and Schumm, M},
  booktitle={Climbing and Walking Robots: From Biology to Industrial Applications. Proceedings of the Fourth International Conference on Climbing and Walking Robots (CLAWAR 2001)},
  pages={79--86},
  year={2001}
}

@phdthesis{Maloletov2015dinamica,
  title={Динамика и оптимизация структуры, параметров и алгоритмов управления движением шагающих машин со сдвоенными шагающими движителями},
  author={Малолетов, Александр Васильевич},
  year={2015},
  school={Диссертация на соискание ученой степени доктора физико-математических наук Волгоград}
}