@inproceedings{sokolov2017analysis,
  title={Analysis of ROS-based Visual and Lidar Odometry for a Teleoperated Crawler-type Robot in indoor environment},
  author={Sokolov, Maxim and Bulichev, Oleg and Afanasyev, Ilya},
  booktitle={Proc. Int. Conf. on Informatics in Control, Automation and Robotics (ICINCO)},
  year={2017}
}

@inproceedings{bulichev2017optimization,
  title={Optimization of centipede robot body designs through evolutionary algorithms and multiple rough terrains simulation},
  author={Bulichev, Oleg and Klimchik, Alexandr and Mavridis, Nikolaos},
  booktitle={Robotics and Biomimetics (ROBIO), 2017 IEEE International Conference on},
  pages={290--295},
  year={2017},
  organization={IEEE}
}

@article{altendorfer2001rhex,
  title={Rhex: A biologically inspired hexapod runner},
  author={Altendorfer, Richard and Moore, Ned and Komsuoglu, Haldun and Buehler, Martin and Brown, HB and McMordie, Dave and Saranli, Uluc and Full, Robert and Koditschek, Daniel E},
  journal={Autonomous Robots},
  volume={11},
  number={3},
  pages={207--213},
  year={2001},
  publisher={Springer}
}

@article{miller2008extreme,
  title={Extreme Makeover for a Heian-Era Wizard},
  author={Miller, Laura},
  journal={Mechademia},
  volume={3},
  number={1},
  pages={30--45},
  year={2008},
  publisher={University of Minnesota Press}
}

@article{chen2014quattroped,
  title={Quattroped: A Leg--Wheel Transformable Robot},
  author={Chen, Shen-Chiang and Huang, Ke-Jung and Chen, Wei-Hsi and Shen, Shuan-Yu and Li, Cheng-Hsin and Lin, Pei-Chun},
  journal={IEEE/ASME Transactions On Mechatronics},
  volume={19},
  number={2},
  pages={730--742},
  year={2014},
  publisher={IEEE}
}

@article{chen2017turboquad,
  title={TurboQuad: A Novel Leg--Wheel Transformable Robot With Smooth and Fast Behavioral Transitions},
  author={Chen, Wei-Hsi and Lin, Hung-Sheng and Lin, Yun-Meng and Lin, Pei-Chun},
  journal={IEEE Transactions on Robotics},
  volume={33},
  number={5},
  pages={1025--1040},
  year={2017},
  publisher={IEEE}
}

@inproceedings{schroer2004comparing,
  title={Comparing cockroach and Whegs robot body motions},
  author={Schroer, Robert T and Boggess, Matthew J and Bachmann, Richard J and Quinn, Roger D and Ritzmann, Roy E},
  booktitle={Robotics and Automation, 2004. Proceedings. ICRA'04. 2004 IEEE International Conference on},
  volume={4},
  pages={3288--3293},
  year={2004},
  organization={IEEE}
}

@article{saranli2001rhex,
  title={Rhex: A simple and highly mobile hexapod robot},
  author={Saranli, Uluc and Buehler, Martin and Koditschek, Daniel E},
  journal={The International Journal of Robotics Research},
  volume={20},
  number={7},
  pages={616--631},
  year={2001},
  publisher={SAGE Publications}
}

@article{feng2015optimization,
  title={Optimization-based Full Body Control for the DARPA Robotics Challenge},
  author={Feng, Siyuan and Whitman, Eric and Xinjilefu, X and Atkeson, Christopher G},
  journal={Journal of Field Robotics},
  volume={32},
  number={2},
  pages={293--312},
  year={2015},
  publisher={Wiley Online Library}
}

@article{sancho2010survey,
  title={A survey on terrain assessment techniques for autonomous operation of planetary robots},
  author={Sancho-Pradel, Dario L and Gao, Yang},
  journal={JBIS-Journal of the British Interplanetary Society},
  volume={63},
  number={5-6},
  pages={206--217},
  year={2010}
}

@inproceedings{howard2000real,
  title={Real-time assessment of terrain traversability for autonomous rover navigation},
  author={Howard, Ayanna and Seraji, Homayoun},
  booktitle={Intelligent Robots and Systems, 2000.(IROS 2000). Proceedings. 2000 IEEE/RSJ International Conference on},
  volume={1},
  pages={58--63},
  year={2000},
  organization={IEEE}
}

@inproceedings{siska2004advanced,
  title={Advanced digital terrain analysis using roughness-dissectivity parameters in GIS},
  author={Siska, Peter P and Hung, I-Kuai},
  booktitle={Esri international user conference},
  pages={1--10},
  year={2004}
}

@article{kawamura2002truss,
  title={Truss topology optimization by a modified genetic algorithm},
  author={Kawamura, H and Ohmori, H and Kito, N},
  journal={Structural and Multidisciplinary Optimization},
  volume={23},
  number={6},
  pages={467--473},
  year={2002},
  publisher={Springer}
}

@inproceedings{kuo2013development,
  title={Development of humanoid robot simulator for gait learning by using particle swarm optimization},
  author={Kuo, Ping-Huan and Ho, Ya-Fang and Lee, Kai-Fan and Tai, Li-Heng and Li, Tzuu-Hseng S},
  booktitle={Systems, Man, and Cybernetics (SMC), 2013 IEEE International Conference on},
  pages={2683--2688},
  year={2013},
  organization={IEEE}
}

@inproceedings{berezhnoy2017real,
  title={Real-world large-step stair-climbing for small humanoids using evolutionary computation},
  author={Berezhnoy, V and Klimchik, A and Mavridis, N},
  booktitle={Intelligent Systems Conference (IntelliSys), 2017},
  pages={1010--1018},
  year={2017},
  organization={IEEE}
}

@phdthesis{moore2002leg,
  title={Leg design and stair climbing control for the rhex robotic hexapod},
  author={Moore, Edward Z},
  year={2002},
  school={McGill University Libraries}
}

@article{nogueira2014comparative,
  title={Comparative analysis between gazebo and v-rep robotic simulators},
  author={Nogueira, Lucas},
  journal={Seminario Interno de Cognicao Artificial-SICA 2014},
  pages={5},
  year={2014}
}

@article{fortin2012deap,
  title={DEAP: Evolutionary algorithms made easy},
  author={Fortin, F{\'e}lix-Antoine and Rainville, Fran{\c{c}}ois-Michel De and Gardner, Marc-Andr{\'e} and Parizeau, Marc and Gagn{\'e}, Christian},
  journal={Journal of Machine Learning Research},
  volume={13},
  number={Jul},
  pages={2171--2175},
  year={2012}
}

@inproceedings{grundmann2011auto,
  title={Auto-directed video stabilization with robust l1 optimal camera paths},
  author={Grundmann, Matthias and Kwatra, Vivek and Essa, Irfan},
  booktitle={Computer Vision and Pattern Recognition (CVPR), 2011 IEEE Conference on},
  pages={225--232},
  year={2011},
  organization={IEEE}
}

@article{aguilar2016real,
  title={Real-time model-based video stabilization for microaerial vehicles},
  author={Aguilar, Wilbert G and Angulo, Cecilio},
  journal={Neural processing letters},
  volume={43},
  number={2},
  pages={459--477},
  year={2016},
  publisher={Springer}
}

@article{dong2017video,
  title={Video stabilization for strict real-time applications},
  author={Dong, Jing and Liu, Haibo},
  journal={IEEE Transactions on Circuits and Systems for Video Technology},
  volume={27},
  number={4},
  pages={716--724},
  year={2017},
  publisher={IEEE}
}

@article{hu2018real,
  title={Real-time video stabilization for fast-moving vehicle cameras},
  author={Hu, Wu-Chih and Chen, Chao-Ho and Chen, Tsong-Yi and Peng, Min-Yang and Su, Yi-Jen},
  journal={Multimedia Tools and Applications},
  volume={77},
  number={1},
  pages={1237--1260},
  year={2018},
  publisher={Springer}
}

@article{li2017real,
  title={Real-time feature-based video stabilization on FPGA},
  author={Li, Jianan and Xu, Tingfa and Zhang, Kun},
  journal={IEEE Transactions on Circuits and Systems for Video Technology},
  volume={27},
  number={4},
  pages={907--919},
  year={2017},
  publisher={IEEE}
}

@article{matsushita2006full,
  title={Full-frame video stabilization with motion inpainting},
  author={Matsushita, Yasuyuki and Ofek, Eyal and Ge, Weina and Tang, Xiaoou and Shum, Heung-Yeung},
  journal={IEEE Transactions on pattern analysis and Machine Intelligence},
  volume={28},
  number={7},
  pages={1150--1163},
  year={2006},
  publisher={IEEE}
}

@inproceedings{windau2011multilayer,
  title={Multilayer real-time video image stabilization},
  author={Windau, Jens and Itti, Laurent},
  booktitle={Intelligent Robots and Systems (IROS), 2011 IEEE/RSJ International Conference on},
  pages={2397--2402},
  year={2011},
  organization={IEEE}
}

@inproceedings{chen2015video,
  title={Video stabilization for fast moving camera based on feature point classification},
  author={Chen, Chao-Ho and Chen, Tsong-Yi and Hu, Wu-Chih and Peng, Min-Yang},
  booktitle={Robot, Vision and Signal Processing (RVSP), 2015 Third International Conference on},
  pages={10--13},
  year={2015},
  organization={IEEE}
}

@inproceedings{battiato2007sift,
  title={SIFT features tracking for video stabilization},
  author={Battiato, Sebastiano and Gallo, Giovanni and Puglisi, Giovanni and Scellato, Salvatore},
  booktitle={Image Analysis and Processing, 2007. ICIAP 2007. 14th International Conference on},
  pages={825--830},
  year={2007},
  organization={IEEE}
}

@inproceedings{dimov2014real,
  title={Real time video stabilization for handheld devices},
  author={Dimov, Dimo and Nikolov, Atanas},
  booktitle={Proceedings of the 15th International Conference on Computer Systems and Technologies},
  pages={124--133},
  year={2014},
  organization={ACM}
}

@article{kendoul2012survey,
  title={Survey of advances in guidance, navigation, and control of unmanned rotorcraft systems},
  author={Kendoul, Farid},
  journal={Journal of Field Robotics},
  volume={29},
  number={2},
  pages={315--378},
  year={2012},
  publisher={Wiley Online Library}
}

@article{galloway2010x,
  title={X-RHex: A highly mobile hexapedal robot for sensorimotor tasks},
  author={Galloway, Kevin C and Haynes, Galen Clark and Ilhan, B Deniz and Johnson, Aaron M and Knopf, Ryan and Lynch, Goran A and Plotnick, Benjamin N and White, Mackenzie and Koditschek, Daniel E},
  year={2010}
}

@incollection{kuhn2010development,
  title={Development of passive spine and actuated rear foot for an ape-like robot},
  author={K{\"U}HN, DANIEL and BERNHARD, FELIX and GRIMMINGER, FELIX and SIMON, SVEN and KIRCHNER, FRANK},
  booktitle={Emerging Trends In Mobile Robotics},
  pages={237--244},
  year={2010},
  publisher={World Scientific}
}

@article{Yachun2010,
  title={Виброробот для вертикального движения по металлической шероховатой поверхности},
  author={Яцун, СФ and Локтионова, ОГ and Черепанов, АА and Рублев, СБ},
  journal={Известия Самарского научного центра Российской академии наук},
  volume={12},
  number={4-3},
  year={2010},
  publisher={Федеральное государственное бюджетное учреждение науки Самарский научный центр Российской академии наук}
}

@incollection{peters2010prototype,
  title={A prototype climbing robot for inspection of complex ferrous structures},
  author={Peters, G and Pagano, D and Liu, DK and Waldron, K},
  booktitle={Emerging Trends In Mobile Robotics},
  pages={150--156},
  year={2010},
  publisher={World Scientific}
}

@article{Grad2014,
  title={Состояние и перспективы развития роботов вертикального перемещения для экстремальных сред},
  author={Градецкий, ВГ and Князьков, ММ},
  journal={Робототехника и техническая кибернетика},
  number={1},
  pages={9--16},
  year={2014},
  publisher={федеральное государственное автономное научное учреждение Центральный научно-исследовательский и опытно-конструкторский институт робототехники и технической кибернетики}
}

@article{Pavl2013,
  title={О разработках шагающих машин},
  author={Павловский, Владимир Евгеньевич},
  journal={Препринты Института прикладной математики им. МВ Келдыша РАН},
  number={0},
  pages={101--32},
  year={2013},
  publisher={Институт прикладной математики им. МВ Келдыша РАН}
}

@article{Bel1984,
  title={ДВУНОГАЯ ХОДЬБА МОДЕЛЬНЫЕ ЗАДАЧИ ДИНАМИКИ И УПРАВЛЕНИЯ},
  author={Белецкий, Владимир Васильевич},
  year={1984}
}

@article{Brisk2009,
  title={Динамика и управление движением шагающих машин с цикловыми движителями},
  author={Брискин, Евгений Самуилович and Жога, Виктор Викторович and Чернышев, Вадим Викторович and Малолетов, Александр Васильевич},
  journal={М.: Машиностроение},
  pages={192},
  year={2009}
}

@article{Ohom1984,
  title={Механика и управление движением автоматического шагающего аппарата},
  author={Охоцимский, Дмитрий Евгеньевич},
  year={1984},
  publisher={Москва}
}

@article{Brisk2011,
  title={Синтез циклового шагающего механизма с направляющей и критерии его оценки},
  author={Брискин, Евгений Самуилович and Леонард, Александр Валерьевич and Малолетов, Александр Васильевич},
  journal={Теория механизмов и машин},
  volume={9},
  number={1},
  pages={14--24},
  year={2011},
  publisher={Федеральное государственное автономное образовательное учреждение высшего образования" Санкт-Петербургский политехнический университет Петра Великого"}
}

@article{Petr1986,
  title={К задаче организации движения опорных звеньев многоногих шагающих машин},
  author={Петриашвили, БД and Маргвелашвили, ВО and Билашвили, МА},
  year={1986}
}

@incollection{bidgoly2010learning,
  title={Learning approach to study effect of flexible spine on running behavior of a quadruped robot},
  author={BIDGOLY, H JALALY and VAFAEI, ALALEH and Sadeghi, A and AHMADABADI, M NILI},
  booktitle={Emerging Trends In Mobile Robotics},
  pages={1195--1201},
  year={2010},
  publisher={World Scientific}
}

@inproceedings{germann2001joystick,
  title={Joystick force feedback based on proximity to the linearised workspace of the four-legged robot ALDURO},
  author={Germann, Daniel and Bruckmann, Tobias and Hiller, Manfred},
  booktitle={Proceedings Fourth International Conference on Climbing and Walking Robots CLAWAR2001. Karlsruhe, Germany},
  year={2001},
  organization={Citeseer}
}

@article{Volkova2013modeling,
  title={Моделирование движения многозвенного прыгающего робота и исследование его характеристик},
  author={Волкова, ЛЮ and Яцун, СФ},
  journal={Известия Российской академии наук. Теория и системы управления},
  number={4},
  pages={137--137},
  year={2013},
  publisher={Федеральное государственное унитарное предприятие" Академический научно-издательский, производственно-полиграфический и книгораспространительский центр" Наука"}
}

@inproceedings{cruse2001control,
  title={Control of hexapod walking-a decentralized solution based on biological data},
  author={Cruse, H and Dean, J and D{\"u}rr, V and Kindermann, Th and Schmitz, J and Schumm, M},
  booktitle={Climbing and Walking Robots: From Biology to Industrial Applications. Proceedings of the Fourth International Conference on Climbing and Walking Robots (CLAWAR 2001)},
  pages={79--86},
  year={2001}
}

@phdthesis{Maloletov2015dinamica,
  title={Динамика и оптимизация структуры, параметров и алгоритмов управления движением шагающих машин со сдвоенными шагающими движителями},
  author={Малолетов, Александр Васильевич},
  year={2015},
  school={Диссертация на соискание ученой степени доктора физико-математических наук Волгоград}
}