
% @patent{bulichevProgrammaObucheniyaRobota2019,
%   type          = {patent},
%   title         = {Программа обучения робота шаговым движениям},
%   author        = {Буличев, Олег},

%   date          = {2019-08-28},
%   number        = {2019661399},
%   prcountry      = {{Russia}},
%   language =     {ru},
%   authorprogram ={yes},
%   abstract      = {Программа предназначена для обработки сенсорной информации с целью обучения робота шагающим движениям в условиях бездорожья. Обучение основано на алгоритме «OpenAI-ES». Программа подбирает коэффициенты для нейронной сети, которая управляет моментами двигателей робота, что позволяет шагающему голономному роботу двигаться в любую сторону максимально эффективно, плавно и быстро.},
%   file          = {C\:\\Users\\obuli\\Zotero\\storage\\Z5MVQE8F\\Bulichev - Программа обучения робота шаговым движениям.pdf}
% }

% @patent{bulichevProgrammaOrientaciiShagayushchego2019,
%   type          = {patent},
%   title         = {Программа ориентации шагающего робота {{Стрирус}} в условиях плохой видимости},
%   author        = {Буличев, Олег and Бураков, Даниил},

%   date          = {2019-11-21},
%   number        = {2019665262},
%   prcountry      = {{Russia}},
%   language =     {ru},
%   authorprogram ={yes},
%   file          = {C\:\\Users\\obuli\\Zotero\\storage\\TJTUNY6A\\Буличев, Бураков - Программа ориентации шагающего робота Стрирус в условиях плохой видимости.pdf}
% }

% @patent{bulichevProgrammaPlanirovaniyaTraektorii2020,
%   type          = {patent},
%   title         = {Программа планирования траектории движения ног двенадцатиногого робота с использованием фреймворка {{ROS}}},
%   author        = {Буличев, Олег},

%   date          = {2020-11-27},
%   number        = {2020665488},
%   language =     {ru},
%   authorprogram ={yes},
%   prcountry      = {{Russia}},
%   file          = {C\:\\Users\\obuli\\Zotero\\storage\\EC3TWEGB\\Буличев - Программа планирования траектории движения ног двенадцатиногого робота с использованием фреймворка ROS.pdf}
% }

% @patent{bulichevProgrammaPodboraKinematicheskih2019,
%   type          = {patent},
%   title         = {Программа подбора кинематических параметров у шагающих роботов},
%   author        = {Буличев, Олег},

%   date          = {2019-08-07},
%   number        = {2019660557},
%   language =     {ru},
%   authorprogram ={yes},
%   prcountry      = {{Russia}},
%   abstract      = {Программа предназначена для подбора кинематических параметров и определения их оптимальной комбинации для шагающих роботов, инспектирующих местность в условиях трудной проходимости и плохой видимости. Программа позволяет проходить шагающему роботу максимальное расстояние за фиксированное время по сгенерированному семейству территорий. Семейство территорий генерируется на основе стохастических методов. Скорость на каждую конечность шагающего робота подается в виде заданных констант.},
%   file          = {C\:\\Users\\obuli\\Zotero\\storage\\EL6QZAZL\\Буличев - Программа подбора кинематических параметров у шагающих роботов.pdf}
% }

% @patent{bulichevProgrammaPozicionirovaniyaStabilizacii2019,
%   type          = {patent},
%   title         = {Программа позиционирования и стабилизации камеры для шагающего робота {{Стрирус}}},
%   author        = {Буличев, Олег and Бураков, Даниил},

%   date          = {2019-11-22},
%   number        = {2019665435},
%   language =     {ru},
%   authorprogram ={yes},
%   prcountry      = {{Russia}},
%   file          = {C\:\\Users\\obuli\\Zotero\\storage\\RNIYYFQE\\Буличев, Бураков - Программа позиционирования и стабилизации камеры для шагающего робота Стрирус.pdf}
% }

% @patent{bulichevProgrammaUpravleniyaZvenyami2020,
%   type          = {patent},
%   title         = {Программа управления звеньями шагающего двенадцатиногого робота с помощью геймпада в робототехническом симуляторе {{Ignition}}},
%   author        = {Буличев, Олег and Ахметшин, Айдар},

%   date          = {2020-11-27},
%   number        = {2020665643},
%   language =     {ru},
%   authorprogram ={yes},
%   prcountry      = {{Russia}},
%   file          = {C\:\\Users\\obuli\\Zotero\\storage\\NBIZ4NDT\\Буличев, Ахметшин - Программа управления звеньями шагающего двенадцатиногого робота с помощью геймпада в робототехническом симуляторе .pdf}
% }

% @patent{a47783599,
% 	title = {Программа построения 3D - карты местности с помощью многоногого биомиметического шагающего робота с использованием фреймворка ROS},
%   date          = {2021-12-27},
%   number        = {2021681297},
%   author        = {Буличев, Олег},
%   language =     {ru},
%   authorprogram ={yes},
% }
% @patent{a47783681,
%   heading =      {Свидетельство о гос. регистрации программы для {ЭВМ}},
%   author        = {Буличев, Олег},
% 	title = {Программа управления экспериментальным стендом для автоматизации проверки датчиков очувствления},
%   holder = {Университет Иннополис},
%   date          = {2021-12-27},
%   publdate =     {2020-01-02},
%   reqnumber        = {2021681288},
%   prnumber        =  {2021681288},
%   prcountpubstatery =    {countryru},
%   language =     {ru},
%   authorprogram ={yes},
% }

@patent{bulichevProgrammaObucheniyaRobota2019,
  type = {patent},
  title = {Программа Обучения Робота Шаговым Движениям},
  author = {Буличев, О. В.},
  date = {2019-08-28},
  prnumber = {2019618755},
  holder = {Автономная некоммерческая организация высшего образования «Университет Иннополис» (RU)},
  pages = {1},
  prcountry = {{Российская Федерация}},
  abstract = {Программа предназначена для обработки сенсорной информации с целью обучения робота шагающим движениям в условиях бездорожья. Обучение основано на алгоритме «OpenAI-ES». Программа подбирает коэффициенты для нейронной сети, которая управляет моментами двигателей робота, что позволяет шагающему голономному роботу двигаться в любую сторону максимально эффективно, плавно и быстро.},
  pubstate = {Свидетельство о государственной регистрации программы для ЭВМ 2019661399},
  authorprogram ={yes},
  file = {C\:\\Users\\obuli\\Zotero\\storage\\Z5MVQE8F\\Bulichev - Программа обучения робота шаговым движениям.pdf}
}

@patent{bulichevProgrammaOrientaciiShagayushchego2019,
  type = {patent},
  title = {Программа Ориентации Шагающего Робота {{Стрирус}} в Условиях Плохой Видимости},
  author = {Буличев, О. В. and Бураков, Д. В.},
  date = {2019-11-21},
  prnumber = {2019664225},
  pages = {1},
  prcountry = {{Российская Федерация}},
  pubstate = {Свидетельство о государственной регистрации программы для ЭВМ 2019665262},
  authorprogram ={yes},
  file = {C\:\\Users\\obuli\\Zotero\\storage\\TJTUNY6A\\Буличев, Бураков - Программа ориентации шагающего робота Стрирус в условиях плохой видимости.pdf}
}

@patent{bulichevProgrammaPlanirovaniyaTraektorii2020,
  type = {patent},
  title = {Программа планирования траектории движения ног двенадцатиногого робота с использованием фреймворка ROS},
  author = {Буличев, О. В.},
  date = {2020-11-27},
  prnumber = {2020664605},
  pages = {1},
  prcountry = {{Российская Федерация}},
  langid = {russian},
  pubstate = {Свидетельство о государственной регистрации программы для ЭВМ 2020665488},
  authorprogram ={yes},
  file = {C\:\\Users\\obuli\\Zotero\\storage\\EC3TWEGB\\Буличев - Программа планирования траектории движения ног двенадцатиногого робота с использованием фреймворка ROS.pdf}
}

@patent{bulichevProgrammaPodboraKinematicheskih2019,
  type = {patent},
  title = {Программа Подбора Кинематических Параметров у Шагающих Роботов},
  author = {Буличев, О. В.},
  date = {2019-08-07},
  prnumber = {2019618753},
  pages = {1},
  prcountry = {{Российская Федерация}},
  abstract = {Программа предназначена для подбора кинематических параметров и определения их оптимальной комбинации для шагающих роботов, инспектирующих местность в условиях трудной проходимости и плохой видимости. Программа позволяет проходить шагающему роботу максимальное расстояние за фиксированное время по сгенерированному семейству территорий. Семейство территорий генерируется на основе стохастических методов. Скорость на каждую конечность шагающего робота подается в виде заданных констант.},
  pubstate = {Свидетельство о государственной регистрации программы для ЭВМ 2019660557},
  authorprogram ={yes},
  file = {C\:\\Users\\obuli\\Zotero\\storage\\EL6QZAZL\\Буличев - Программа подбора кинематических параметров у шагающих роботов.pdf}
}

@patent{bulichevProgrammaPostroeniya3D2021,
  type = {patent},
  title = {Программа построения 3D-карты местности с помощью многоногого биомиметического шагающего робота с использованием фреймворка ROS},
  author = {Буличев, О. В.},
  date = {2021-12-27},
  prnumber = {2021681297},
  pages = {1},
  prcountry = {{Российская Федерация}},
  langid = {russian},
  pubstate = {Свидетельство о государственной регистрации программы для ЭВМ 2021681862},
  authorprogram ={yes},
  file = {C\:\\Users\\obuli\\Zotero\\storage\\VPI93BWK\\Программа построения 3D - карты местности с помощью многоногого.pdf}
}

@patent{bulichevProgrammaPozicionirovaniyaStabilizacii2019,
  type = {patent},
  title = {Программа позиционирования и стабилизации камеры для шагающего робота Стрирус},
  author = {Буличев, О. В. and Бураков, Д. В.},
  date = {2019-11-22},
  prnumber = {2019664222},
  pages = {1},
  prcountry = {{Российская Федерация}},
  langid = {russian},
  pubstate = {Свидетельство о государственной регистрации программы для ЭВМ 2019665435},
  authorprogram ={yes},
  file = {C\:\\Users\\obuli\\Zotero\\storage\\RNIYYFQE\\Буличев, Бураков - Программа позиционирования и стабилизации камеры для шагающего робота Стрирус.pdf}
}

@patent{bulichevProgrammaUpravleniyaEksperimentalnym2021,
  type = {patent},
  title = {Программа управления экспериментальным стендом для автоматизации проверки датчиков очувствления},
  author = {Буличев, О. В.},
  date = {2021-12-27},
  prnumber = {2021681288},
  pages = {1},
  prcountry = {{Российская Федерация}},
  langid = {russian},
  pubstate = {Свидетельство о государственной регистрации программы для ЭВМ 2021681924},
  authorprogram ={yes},
  file = {C\:\\Users\\obuli\\Zotero\\storage\\Q3BJXZDC\\Буличев_Купрограммыка.pdf}
}

@patent{bulichevProgrammaUpravleniyaZvenyami2020,
  type = {patent},
  title = {Программа управления звеньями шагающего двенадцатиногого робота с помощью геймпада в робототехническом симуляторе Ignition},
  author = {Буличев, О. В. and Ахметшин, А. А.},
  date = {2020-11-27},
  prnumber = {2020664563},
  pages = {1},
  prcountry = {{Российская Федерация}},
  langid = {russian},
  pubstate = {Свидетельство о государственной регистрации программы для ЭВМ 2020665643},
  authorprogram ={yes},
  file = {C\:\\Users\\obuli\\Zotero\\storage\\NBIZ4NDT\\Буличев, Ахметшин - Программа управления звеньями шагающего двенадцатиногого робота с помощью геймпада в робототехническом симуляторе .pdf}
}